ts_iso,symbol,source,subsource,kind,seq_or_tradeid,px,sz,bid,ask,mid,recv_ts,ws_ts,arrival_ms,price_diff,matched_with,note
2025-10-28T21:15:28.432Z,ADAUSDT,mmap,rings/binance_trade_chunk0,1,30527,0.6422,45.5,,,,1761686128386,0,1761686128431,,,
2025-10-28T21:15:29.802Z,ADAUSDT,ws,ws,1,724771414,0.6422,87.2,,,,0,1761686129672,1761686129802,,,
2025-10-28T21:15:29.840Z,ADAUSDT,mmap,rings/binance_trade_chunk0,1,30713,0.6422,87.2,,,,1761686129803,0,1761686129840,,,
2025-10-28T21:15:29.840Z,ADAUSDT,compare,rings/binance_trade_chunk0|ws,2,30713,0.6422,87.2,,,,1761686129803,1761686129672,1761686129840,0,724771414,dt_ms=131
2025-10-28T21:15:30.607Z,ADAUSDT,ws,ws,1,724771415,0.6421,11.7,,,,0,1761686130476,1761686130607,,,
2025-10-28T21:15:30.608Z,ADAUSDT,ws,ws,1,724771416,0.6421,7.8,,,,0,1761686130476,1761686130608,,,
2025-10-28T21:15:30.608Z,ADAUSDT,ws,ws,1,724771417,0.6421,7.8,,,,0,1761686130476,1761686130608,,,
2025-10-28T21:15:30.608Z,ADAUSDT,ws,ws,1,724771418,0.6421,8.2,,,,0,1761686130476,1761686130608,,,
2025-10-28T21:15:30.608Z,ADAUSDT,ws,ws,1,724771419,0.6421,8.2,,,,0,1761686130476,1761686130608,,,
2025-10-28T21:15:30.608Z,ADAUSDT,ws,ws,1,724771420,0.6421,9.7,,,,0,1761686130476,1761686130608,,,
2025-10-28T21:15:30.608Z,ADAUSDT,ws,ws,1,724771421,0.6421,15.1,,,,0,1761686130476,1761686130608,,,
2025-10-28T21:15:30.609Z,ADAUSDT,ws,ws,1,724771422,0.6421,281,,,,0,1761686130476,1761686130609,,,
2025-10-28T21:15:30.649Z,ADAUSDT,mmap,rings/binance_trade_chunk0,1,30809,0.6421,11.7,,,,1761686130608,0,1761686130648,,,
2025-10-28T21:15:30.649Z,ADAUSDT,compare,rings/binance_trade_chunk0|ws,2,30809,0.6421,11.7,,,,1761686130608,1761686130476,1761686130649,0,724771422,dt_ms=132
2025-10-28T21:15:30.649Z,ADAUSDT,mmap,rings/binance_trade_chunk0,1,30810,0.6421,7.8,,,,1761686130608,0,1761686130649,,,
2025-10-28T21:15:30.649Z,ADAUSDT,compare,rings/binance_trade_chunk0|ws,2,30810,0.6421,7.8,,,,1761686130608,1761686130476,1761686130649,0,724771422,dt_ms=132
2025-10-28T21:15:30.649Z,ADAUSDT,mmap,rings/binance_trade_chunk0,1,30811,0.6421,7.8,,,,1761686130608,0,1761686130649,,,
2025-10-28T21:15:30.649Z,ADAUSDT,compare,rings/binance_trade_chunk0|ws,2,30811,0.6421,7.8,,,,1761686130608,1761686130476,1761686130649,0,724771422,dt_ms=132
2025-10-28T21:15:30.649Z,ADAUSDT,mmap,rings/binance_trade_chunk0,1,30812,0.6421,8.2,,,,1761686130608,0,1761686130649,,,
2025-10-28T21:15:30.649Z,ADAUSDT,compare,rings/binance_trade_chunk0|ws,2,30812,0.6421,8.2,,,,1761686130608,1761686130476,1761686130649,0,724771422,dt_ms=132
2025-10-28T21:15:30.649Z,ADAUSDT,mmap,rings/binance_trade_chunk0,1,30813,0.6421,8.2,,,,1761686130608,0,1761686130649,,,
2025-10-28T21:15:30.649Z,ADAUSDT,compare,rings/binance_trade_chunk0|ws,2,30813,0.6421,8.2,,,,1761686130608,1761686130476,1761686130649,0,724771422,dt_ms=132
2025-10-28T21:15:30.649Z,ADAUSDT,mmap,rings/binance_trade_chunk0,1,30814,0.6421,9.7,,,,1761686130608,0,1761686130649,,,
2025-10-28T21:15:30.649Z,ADAUSDT,compare,rings/binance_trade_chunk0|ws,2,30814,0.6421,9.7,,,,1761686130608,1761686130476,1761686130649,0,724771422,dt_ms=132
2025-10-28T21:15:30.649Z,ADAUSDT,mmap,rings/binance_trade_chunk0,1,30815,0.6421,15.1,,,,1761686130608,0,1761686130649,,,
2025-10-28T21:15:30.649Z,ADAUSDT,compare,rings/binance_trade_chunk0|ws,2,30815,0.6421,15.1,,,,1761686130608,1761686130476,1761686130649,0,724771422,dt_ms=132
2025-10-28T21:15:30.649Z,ADAUSDT,mmap,rings/binance_trade_chunk0,1,30816,0.6421,281,,,,1761686130608,0,1761686130649,,,
2025-10-28T21:15:30.649Z,ADAUSDT,compare,rings/binance_trade_chunk0|ws,2,30816,0.6421,281,,,,1761686130608,1761686130476,1761686130649,0,724771422,dt_ms=132
2025-10-28T21:15:31.522Z,ADAUSDT,ws,ws,1,724771423,0.6422,11,,,,0,1761686131391,1761686131522,,,
2025-10-28T21:15:31.722Z,ADAUSDT,mmap,rings/binance_trade_chunk0,1,31248,0.6422,11,,,,1761686131699,0,1761686131722,,,
2025-10-28T21:15:31.722Z,ADAUSDT,compare,rings/binance_trade_chunk0|ws,2,31248,0.6422,11,,,,1761686131699,1761686131391,1761686131722,0,724771423,dt_ms=308
2025-10-28T21:15:32.418Z,ADAUSDT,ws,ws,1,724771424,0.6421,7.8,,,,0,1761686132287,1761686132418,,,
2025-10-28T21:15:32.419Z,ADAUSDT,ws,ws,1,724771425,0.6421,8.2,,,,0,1761686132287,1761686132418,,,
2025-10-28T21:15:32.419Z,ADAUSDT,ws,ws,1,724771426,0.6421,8.2,,,,0,1761686132287,1761686132419,,,
2025-10-28T21:15:32.419Z,ADAUSDT,ws,ws,1,724771427,0.6421,8.2,,,,0,1761686132287,1761686132419,,,
2025-10-28T21:15:32.472Z,ADAUSDT,mmap,rings/binance_trade_chunk0,1,31558,0.6421,7.8,,,,1761686132418,0,1761686132472,,,
2025-10-28T21:15:32.472Z,ADAUSDT,compare,rings/binance_trade_chunk0|ws,2,31558,0.6421,7.8,,,,1761686132418,1761686132287,1761686132472,0,724771427,dt_ms=131
2025-10-28T21:15:32.472Z,ADAUSDT,mmap,rings/binance_trade_chunk0,1,31559,0.6421,8.2,,,,1761686132420,0,1761686132472,,,
2025-10-28T21:15:32.472Z,ADAUSDT,compare,rings/binance_trade_chunk0|ws,2,31559,0.6421,8.2,,,,1761686132420,1761686132287,1761686132472,0,724771427,dt_ms=133
2025-10-28T21:15:32.472Z,ADAUSDT,mmap,rings/binance_trade_chunk0,1,31560,0.6421,8.2,,,,1761686132420,0,1761686132472,,,
2025-10-28T21:15:32.472Z,ADAUSDT,compare,rings/binance_trade_chunk0|ws,2,31560,0.6421,8.2,,,,1761686132420,1761686132287,1761686132472,0,724771427,dt_ms=133
2025-10-28T21:15:32.472Z,ADAUSDT,mmap,rings/binance_trade_chunk0,1,31561,0.6421,8.2,,,,1761686132420,0,1761686132472,,,
2025-10-28T21:15:32.472Z,ADAUSDT,compare,rings/binance_trade_chunk0|ws,2,31561,0.6421,8.2,,,,1761686132420,1761686132287,1761686132472,0,724771427,dt_ms=133
2025-10-28T21:15:32.982Z,ADAUSDT,ws,ws,1,724771428,0.6421,155.7,,,,0,1761686132852,1761686132982,,,
2025-10-28T21:15:32.982Z,ADAUSDT,compare,rings/binance_trade_chunk0|ws,2,31561,0.6421,8.2,,,,1761686132420,1761686132852,1761686132982,0,724771428,dt_ms=432
2025-10-28T21:15:33.014Z,ADAUSDT,mmap,rings/binance_trade_chunk0,1,31766,0.6421,155.7,,,,1761686132983,0,1761686133014,,,
2025-10-28T21:15:33.014Z,ADAUSDT,compare,rings/binance_trade_chunk0|ws,2,31766,0.6421,155.7,,,,1761686132983,1761686132852,1761686133014,0,724771428,dt_ms=131
2025-10-28T21:15:33.399Z,ADAUSDT,ws,ws,1,724771429,0.6421,133.4,,,,0,1761686133268,1761686133398,,,
2025-10-28T21:15:33.399Z,ADAUSDT,compare,rings/binance_trade_chunk0|ws,2,31766,0.6421,155.7,,,,1761686132983,1761686133268,1761686133399,0,724771429,dt_ms=285
2025-10-28T21:15:33.446Z,ADAUSDT,mmap,rings/binance_trade_chunk0,1,31858,0.6421,133.4,,,,1761686133400,0,1761686133446,,,
2025-10-28T21:15:33.446Z,ADAUSDT,compare,rings/binance_trade_chunk0|ws,2,31858,0.6421,133.4,,,,1761686133400,1761686133268,1761686133446,0,724771429,dt_ms=132
2025-10-28T21:15:34.236Z,ADAUSDT,ws,ws,1,724771430,0.6421,257.7,,,,0,1761686134104,1761686134236,,,
2025-10-28T21:15:34.275Z,ADAUSDT,mmap,rings/binance_trade_chunk0,1,31911,0.6421,257.7,,,,1761686134235,0,1761686134274,,,
2025-10-28T21:15:34.275Z,ADAUSDT,compare,rings/binance_trade_chunk0|ws,2,31911,0.6421,257.7,,,,1761686134235,1761686134104,1761686134275,0,724771430,dt_ms=131
2025-10-28T21:15:34.510Z,ADAUSDT,ws,ws,1,724771431,0.6421,15.5,,,,0,1761686134380,1761686134510,,,
2025-10-28T21:15:34.510Z,ADAUSDT,compare,rings/binance_trade_chunk0|ws,2,31911,0.6421,257.7,,,,1761686134235,1761686134380,1761686134510,0,724771431,dt_ms=145
2025-10-28T21:15:34.544Z,ADAUSDT,mmap,rings/binance_trade_chunk0,1,31957,0.6421,15.5,,,,1761686134511,0,1761686134544,,,
2025-10-28T21:15:34.544Z,ADAUSDT,compare,rings/binance_trade_chunk0|ws,2,31957,0.6421,15.5,,,,1761686134511,1761686134380,1761686134544,0,724771431,dt_ms=131
2025-10-28T21:15:34.568Z,ADAUSDT,ws,ws,1,724771432,0.6421,230.2,,,,0,1761686134437,1761686134567,,,
2025-10-28T21:15:34.568Z,ADAUSDT,compare,rings/binance_trade_chunk0|ws,2,31957,0.6421,15.5,,,,1761686134511,1761686134437,1761686134568,0,724771432,dt_ms=74
2025-10-28T21:15:34.597Z,ADAUSDT,mmap,rings/binance_trade_chunk0,1,31959,0.6421,230.2,,,,1761686134568,0,1761686134597,,,
2025-10-28T21:15:34.597Z,ADAUSDT,compare,rings/binance_trade_chunk0|ws,2,31959,0.6421,230.2,,,,1761686134568,1761686134437,1761686134597,0,724771432,dt_ms=131
2025-10-28T21:15:34.948Z,ADAUSDT,ws,ws,1,724771433,0.642,7.8,,,,0,1761686134817,1761686134947,,,
2025-10-28T21:15:34.948Z,ADAUSDT,compare,rings/binance_trade_chunk0|ws,2,31959,0.6421,230.2,,,,1761686134568,1761686134817,1761686134948,0.0001,724771433,dt_ms=249
2025-10-28T21:15:34.948Z,ADAUSDT,ws,ws,1,724771434,0.642,7.8,,,,0,1761686134817,1761686134948,,,
2025-10-28T21:15:34.948Z,ADAUSDT,compare,rings/binance_trade_chunk0|ws,2,31959,0.6421,230.2,,,,1761686134568,1761686134817,1761686134948,0.0001,724771434,dt_ms=249
2025-10-28T21:15:34.948Z,ADAUSDT,ws,ws,1,724771435,0.642,125,,,,0,1761686134817,1761686134948,,,
2025-10-28T21:15:34.948Z,ADAUSDT,compare,rings/binance_trade_chunk0|ws,2,31959,0.6421,230.2,,,,1761686134568,1761686134817,1761686134948,0.0001,724771435,dt_ms=249
2025-10-28T21:15:34.948Z,ADAUSDT,ws,ws,1,724771436,0.642,8.6,,,,0,1761686134817,1761686134948,,,
2025-10-28T21:15:34.948Z,ADAUSDT,compare,rings/binance_trade_chunk0|ws,2,31959,0.6421,230.2,,,,1761686134568,1761686134817,1761686134948,0.0001,724771436,dt_ms=249
2025-10-28T21:15:34.948Z,ADAUSDT,ws,ws,1,724771437,0.642,11269.5,,,,0,1761686134817,1761686134948,,,
2025-10-28T21:15:34.948Z,ADAUSDT,compare,rings/binance_trade_chunk0|ws,2,31959,0.6421,230.2,,,,1761686134568,1761686134817,1761686134948,0.0001,724771437,dt_ms=249
2025-10-28T21:15:34.950Z,ADAUSDT,ws,ws,1,724771438,0.642,11697.7,,,,0,1761686134819,1761686134950,,,
2025-10-28T21:15:34.950Z,ADAUSDT,compare,rings/binance_trade_chunk0|ws,2,31959,0.6421,230.2,,,,1761686134568,1761686134819,1761686134950,0.0001,724771438,dt_ms=251
2025-10-28T21:15:34.950Z,ADAUSDT,ws,ws,1,724771439,0.642,827.5,,,,0,1761686134819,1761686134950,,,
2025-10-28T21:15:34.950Z,ADAUSDT,compare,rings/binance_trade_chunk0|ws,2,31959,0.6421,230.2,,,,1761686134568,1761686134819,1761686134950,0.0001,724771439,dt_ms=251
2025-10-28T21:15:34.951Z,ADAUSDT,ws,ws,1,724771440,0.642,15321,,,,0,1761686134819,1761686134951,,,
2025-10-28T21:15:34.951Z,ADAUSDT,compare,rings/binance_trade_chunk0|ws,2,31959,0.6421,230.2,,,,1761686134568,1761686134819,1761686134951,0.0001,724771440,dt_ms=251
2025-10-28T21:15:34.951Z,ADAUSDT,ws,ws,1,724771441,0.642,657.1,,,,0,1761686134819,1761686134951,,,
2025-10-28T21:15:34.951Z,ADAUSDT,compare,rings/binance_trade_chunk0|ws,2,31959,0.6421,230.2,,,,1761686134568,1761686134819,1761686134951,0.0001,724771441,dt_ms=251
2025-10-28T21:15:34.951Z,ADAUSDT,ws,ws,1,724771442,0.642,4752.7,,,,0,1761686134819,1761686134951,,,
2025-10-28T21:15:34.951Z,ADAUSDT,compare,rings/binance_trade_chunk0|ws,2,31959,0.6421,230.2,,,,1761686134568,1761686134819,1761686134951,0.0001,724771442,dt_ms=251
2025-10-28T21:15:34.951Z,ADAUSDT,ws,ws,1,724771443,0.642,4418,,,,0,1761686134820,1761686134951,,,
2025-10-28T21:15:34.951Z,ADAUSDT,compare,rings/binance_trade_chunk0|ws,2,31959,0.6421,230.2,,,,1761686134568,1761686134820,1761686134951,0.0001,724771443,dt_ms=252
2025-10-28T21:15:34.951Z,ADAUSDT,ws,ws,1,724771444,0.642,8.2,,,,0,1761686134820,1761686134951,,,
2025-10-28T21:15:34.951Z,ADAUSDT,compare,rings/binance_trade_chunk0|ws,2,31959,0.6421,230.2,,,,1761686134568,1761686134820,1761686134951,0.0001,724771444,dt_ms=252
2025-10-28T21:15:34.951Z,ADAUSDT,ws,ws,1,724771445,0.642,8.2,,,,0,1761686134820,1761686134951,,,
2025-10-28T21:15:34.951Z,ADAUSDT,compare,rings/binance_trade_chunk0|ws,2,31959,0.6421,230.2,,,,1761686134568,1761686134820,1761686134951,0.0001,724771445,dt_ms=252
2025-10-28T21:15:34.951Z,ADAUSDT,ws,ws,1,724771446,0.642,8.5,,,,0,1761686134820,1761686134951,,,
2025-10-28T21:15:34.951Z,ADAUSDT,compare,rings/binance_trade_chunk0|ws,2,31959,0.6421,230.2,,,,1761686134568,1761686134820,1761686134951,0.0001,724771446,dt_ms=252
2025-10-28T21:15:34.951Z,ADAUSDT,ws,ws,1,724771447,0.642,8.2,,,,0,1761686134820,1761686134951,,,
2025-10-28T21:15:34.951Z,ADAUSDT,compare,rings/binance_trade_chunk0|ws,2,31959,0.6421,230.2,,,,1761686134568,1761686134820,1761686134951,0.0001,724771447,dt_ms=252
2025-10-28T21:15:34.952Z,ADAUSDT,ws,ws,1,724771448,0.6419,7.8,,,,0,1761686134821,1761686134952,,,
2025-10-28T21:15:34.952Z,ADAUSDT,compare,rings/binance_trade_chunk0|ws,2,31959,0.6421,230.2,,,,1761686134568,1761686134821,1761686134952,0.0002,724771448,dt_ms=253
2025-10-28T21:15:34.952Z,ADAUSDT,ws,ws,1,724771449,0.6419,11.7,,,,0,1761686134821,1761686134952,,,
2025-10-28T21:15:34.952Z,ADAUSDT,compare,rings/binance_trade_chunk0|ws,2,31959,0.6421,230.2,,,,1761686134568,1761686134821,1761686134952,0.0002,724771449,dt_ms=253
2025-10-28T21:15:34.952Z,ADAUSDT,ws,ws,1,724771450,0.6419,7.8,,,,0,1761686134821,1761686134952,,,
2025-10-28T21:15:34.952Z,ADAUSDT,compare,rings/binance_trade_chunk0|ws,2,31959,0.6421,230.2,,,,1761686134568,1761686134821,1761686134952,0.0002,724771450,dt_ms=253
2025-10-28T21:15:34.952Z,ADAUSDT,ws,ws,1,724771451,0.6419,8.6,,,,0,1761686134821,1761686134952,,,
2025-10-28T21:15:34.952Z,ADAUSDT,compare,rings/binance_trade_chunk0|ws,2,31959,0.6421,230.2,,,,1761686134568,1761686134821,1761686134952,0.0002,724771451,dt_ms=253
2025-10-28T21:15:34.952Z,ADAUSDT,ws,ws,1,724771452,0.6419,7.9,,,,0,1761686134821,1761686134952,,,
2025-10-28T21:15:34.952Z,ADAUSDT,compare,rings/binance_trade_chunk0|ws,2,31959,0.6421,230.2,,,,1761686134568,1761686134821,1761686134952,0.0002,724771452,dt_ms=253
2025-10-28T21:15:34.952Z,ADAUSDT,ws,ws,1,724771453,0.6419,7.8,,,,0,1761686134821,1761686134952,,,
2025-10-28T21:15:34.952Z,ADAUSDT,compare,rings/binance_trade_chunk0|ws,2,31959,0.6421,230.2,,,,1761686134568,1761686134821,1761686134952,0.0002,724771453,dt_ms=253
2025-10-28T21:15:34.952Z,ADAUSDT,ws,ws,1,724771454,0.6419,8.2,,,,0,1761686134821,1761686134952,,,
2025-10-28T21:15:34.952Z,ADAUSDT,compare,rings/binance_trade_chunk0|ws,2,31959,0.6421,230.2,,,,1761686134568,1761686134821,1761686134952,0.0002,724771454,dt_ms=253
2025-10-28T21:15:34.952Z,ADAUSDT,ws,ws,1,724771455,0.6419,8.2,,,,0,1761686134821,1761686134952,,,
2025-10-28T21:15:34.952Z,ADAUSDT,compare,rings/binance_trade_chunk0|ws,2,31959,0.6421,230.2,,,,1761686134568,1761686134821,1761686134952,0.0002,724771455,dt_ms=253
2025-10-28T21:15:34.952Z,ADAUSDT,ws,ws,1,724771456,0.6419,8.2,,,,0,1761686134821,1761686134952,,,
2025-10-28T21:15:34.952Z,ADAUSDT,compare,rings/binance_trade_chunk0|ws,2,31959,0.6421,230.2,,,,1761686134568,1761686134821,1761686134952,0.0002,724771456,dt_ms=253
2025-10-28T21:15:34.953Z,ADAUSDT,ws,ws,1,724771457,0.6418,11.7,,,,0,1761686134821,1761686134952,,,
2025-10-28T21:15:34.953Z,ADAUSDT,compare,rings/binance_trade_chunk0|ws,2,31959,0.6421,230.2,,,,1761686134568,1761686134821,1761686134953,0.0003,724771457,dt_ms=253
2025-10-28T21:15:34.953Z,ADAUSDT,ws,ws,1,724771458,0.6418,7.8,,,,0,1761686134821,1761686134953,,,
2025-10-28T21:15:34.953Z,ADAUSDT,compare,rings/binance_trade_chunk0|ws,2,31959,0.6421,230.2,,,,1761686134568,1761686134821,1761686134953,0.0003,724771458,dt_ms=253
2025-10-28T21:15:34.953Z,ADAUSDT,ws,ws,1,724771459,0.6418,11.7,,,,0,1761686134821,1761686134953,,,
2025-10-28T21:15:34.953Z,ADAUSDT,compare,rings/binance_trade_chunk0|ws,2,31959,0.6421,230.2,,,,1761686134568,1761686134821,1761686134953,0.0003,724771459,dt_ms=253
2025-10-28T21:15:34.953Z,ADAUSDT,ws,ws,1,724771460,0.6418,7.9,,,,0,1761686134821,1761686134953,,,
2025-10-28T21:15:34.953Z,ADAUSDT,compare,rings/binance_trade_chunk0|ws,2,31959,0.6421,230.2,,,,1761686134568,1761686134821,1761686134953,0.0003,724771460,dt_ms=253
2025-10-28T21:15:34.953Z,ADAUSDT,ws,ws,1,724771461,0.6418,8.6,,,,0,1761686134821,1761686134953,,,
2025-10-28T21:15:34.953Z,ADAUSDT,compare,rings/binance_trade_chunk0|ws,2,31959,0.6421,230.2,,,,1761686134568,1761686134821,1761686134953,0.0003,724771461,dt_ms=253
2025-10-28T21:15:34.953Z,ADAUSDT,ws,ws,1,724771462,0.6418,7.8,,,,0,1761686134821,1761686134953,,,
2025-10-28T21:15:34.953Z,ADAUSDT,compare,rings/binance_trade_chunk0|ws,2,31959,0.6421,230.2,,,,1761686134568,1761686134821,1761686134953,0.0003,724771462,dt_ms=253
2025-10-28T21:15:34.953Z,ADAUSDT,ws,ws,1,724771463,0.6418,1427.1,,,,0,1761686134821,1761686134953,,,
2025-10-28T21:15:34.953Z,ADAUSDT,compare,rings/binance_trade_chunk0|ws,2,31959,0.6421,230.2,,,,1761686134568,1761686134821,1761686134953,0.0003,724771463,dt_ms=253
2025-10-28T21:15:34.954Z,ADAUSDT,ws,ws,1,724771464,0.6418,73,,,,0,1761686134823,1761686134954,,,
2025-10-28T21:15:34.954Z,ADAUSDT,compare,rings/binance_trade_chunk0|ws,2,31959,0.6421,230.2,,,,1761686134568,1761686134823,1761686134954,0.0003,724771464,dt_ms=255
2025-10-28T21:15:34.954Z,ADAUSDT,ws,ws,1,724771465,0.6418,265.5,,,,0,1761686134823,1761686134954,,,
2025-10-28T21:15:34.954Z,ADAUSDT,compare,rings/binance_trade_chunk0|ws,2,31959,0.6421,230.2,,,,1761686134568,1761686134823,1761686134954,0.0003,724771465,dt_ms=255
2025-10-28T21:15:34.955Z,ADAUSDT,ws,ws,1,724771466,0.6418,534.5,,,,0,1761686134823,1761686134955,,,
2025-10-28T21:15:34.955Z,ADAUSDT,compare,rings/binance_trade_chunk0|ws,2,31959,0.6421,230.2,,,,1761686134568,1761686134823,1761686134955,0.0003,724771466,dt_ms=255
2025-10-28T21:15:34.955Z,ADAUSDT,ws,ws,1,724771467,0.6418,800,,,,0,1761686134823,1761686134955,,,
2025-10-28T21:15:34.955Z,ADAUSDT,compare,rings/binance_trade_chunk0|ws,2,31959,0.6421,230.2,,,,1761686134568,1761686134823,1761686134955,0.0003,724771467,dt_ms=255
2025-10-28T21:15:34.955Z,ADAUSDT,ws,ws,1,724771468,0.6418,20,,,,0,1761686134824,1761686134955,,,
2025-10-28T21:15:34.955Z,ADAUSDT,compare,rings/binance_trade_chunk0|ws,2,31959,0.6421,230.2,,,,1761686134568,1761686134824,1761686134955,0.0003,724771468,dt_ms=256
2025-10-28T21:15:34.963Z,ADAUSDT,ws,ws,1,724771469,0.6418,307,,,,0,1761686134826,1761686134963,,,
2025-10-28T21:15:34.963Z,ADAUSDT,compare,rings/binance_trade_chunk0|ws,2,31959,0.6421,230.2,,,,1761686134568,1761686134826,1761686134963,0.0003,724771469,dt_ms=258
2025-10-28T21:15:34.964Z,ADAUSDT,ws,ws,1,724771470,0.6418,1765.5,,,,0,1761686134830,1761686134964,,,
2025-10-28T21:15:34.964Z,ADAUSDT,compare,rings/binance_trade_chunk0|ws,2,31959,0.6421,230.2,,,,1761686134568,1761686134830,1761686134964,0.0003,724771470,dt_ms=262
2025-10-28T21:15:34.964Z,ADAUSDT,ws,ws,1,724771471,0.6418,7.8,,,,0,1761686134830,1761686134964,,,
2025-10-28T21:15:34.964Z,ADAUSDT,compare,rings/binance_trade_chunk0|ws,2,31959,0.6421,230.2,,,,1761686134568,1761686134830,1761686134964,0.0003,724771471,dt_ms=262
2025-10-28T21:15:34.964Z,ADAUSDT,ws,ws,1,724771472,0.6418,403.4,,,,0,1761686134830,1761686134964,,,
2025-10-28T21:15:34.964Z,ADAUSDT,compare,rings/binance_trade_chunk0|ws,2,31959,0.6421,230.2,,,,1761686134568,1761686134830,1761686134964,0.0003,724771472,dt_ms=262
2025-10-28T21:15:34.964Z,ADAUSDT,ws,ws,1,724771473,0.6418,507.2,,,,0,1761686134830,1761686134964,,,
2025-10-28T21:15:34.964Z,ADAUSDT,compare,rings/binance_trade_chunk0|ws,2,31959,0.6421,230.2,,,,1761686134568,1761686134830,1761686134964,0.0003,724771473,dt_ms=262
2025-10-28T21:15:34.964Z,ADAUSDT,ws,ws,1,724771474,0.6418,459.8,,,,0,1761686134833,1761686134964,,,
2025-10-28T21:15:34.964Z,ADAUSDT,compare,rings/binance_trade_chunk0|ws,2,31959,0.6421,230.2,,,,1761686134568,1761686134833,1761686134964,0.0003,724771474,dt_ms=265
2025-10-28T21:15:34.964Z,ADAUSDT,ws,ws,1,724771475,0.6418,8.2,,,,0,1761686134833,1761686134964,,,
2025-10-28T21:15:34.964Z,ADAUSDT,compare,rings/binance_trade_chunk0|ws,2,31959,0.6421,230.2,,,,1761686134568,1761686134833,1761686134964,0.0003,724771475,dt_ms=265
2025-10-28T21:15:34.964Z,ADAUSDT,ws,ws,1,724771476,0.6418,8.2,,,,0,1761686134833,1761686134964,,,
2025-10-28T21:15:34.964Z,ADAUSDT,compare,rings/binance_trade_chunk0|ws,2,31959,0.6421,230.2,,,,1761686134568,1761686134833,1761686134964,0.0003,724771476,dt_ms=265
2025-10-28T21:15:34.964Z,ADAUSDT,ws,ws,1,724771477,0.6418,302.8,,,,0,1761686134833,1761686134964,,,
2025-10-28T21:15:34.965Z,ADAUSDT,compare,rings/binance_trade_chunk0|ws,2,31959,0.6421,230.2,,,,1761686134568,1761686134833,1761686134965,0.0003,724771477,dt_ms=265
2025-10-28T21:15:34.967Z,ADAUSDT,mmap,rings/binance_trade_chunk0,1,32014,0.642,7.8,,,,1761686134948,0,1761686134967,,,
2025-10-28T21:15:34.967Z,ADAUSDT,compare,rings/binance_trade_chunk0|ws,2,32014,0.642,7.8,,,,1761686134948,1761686134833,1761686134967,0.0002,724771477,dt_ms=115
2025-10-28T21:15:34.967Z,ADAUSDT,mmap,rings/binance_trade_chunk0,1,32015,0.642,7.8,,,,1761686134948,0,1761686134967,,,
2025-10-28T21:15:34.967Z,ADAUSDT,compare,rings/binance_trade_chunk0|ws,2,32015,0.642,7.8,,,,1761686134948,1761686134833,1761686134967,0.0002,724771477,dt_ms=115
2025-10-28T21:15:34.967Z,ADAUSDT,mmap,rings/binance_trade_chunk0,1,32016,0.642,125,,,,1761686134948,0,1761686134967,,,
2025-10-28T21:15:34.967Z,ADAUSDT,compare,rings/binance_trade_chunk0|ws,2,32016,0.642,125,,,,1761686134948,1761686134833,1761686134967,0.0002,724771477,dt_ms=115
2025-10-28T21:15:34.967Z,ADAUSDT,mmap,rings/binance_trade_chunk0,1,32017,0.642,8.6,,,,1761686134948,0,1761686134967,,,
2025-10-28T21:15:34.967Z,ADAUSDT,compare,rings/binance_trade_chunk0|ws,2,32017,0.642,8.6,,,,1761686134948,1761686134833,1761686134967,0.0002,724771477,dt_ms=115
2025-10-28T21:15:34.967Z,ADAUSDT,mmap,rings/binance_trade_chunk0,1,32018,0.642,11269.5,,,,1761686134948,0,1761686134967,,,
2025-10-28T21:15:34.967Z,ADAUSDT,compare,rings/binance_trade_chunk0|ws,2,32018,0.642,11269.5,,,,1761686134948,1761686134833,1761686134967,0.0002,724771477,dt_ms=115
2025-10-28T21:15:34.969Z,ADAUSDT,mmap,rings/binance_trade_chunk0,1,32049,0.642,11697.7,,,,1761686134951,0,1761686134969,,,
2025-10-28T21:15:34.969Z,ADAUSDT,compare,rings/binance_trade_chunk0|ws,2,32049,0.642,11697.7,,,,1761686134951,1761686134833,1761686134969,0.0002,724771477,dt_ms=118
2025-10-28T21:15:34.969Z,ADAUSDT,mmap,rings/binance_trade_chunk0,1,32050,0.642,827.5,,,,1761686134951,0,1761686134969,,,
2025-10-28T21:15:34.969Z,ADAUSDT,compare,rings/binance_trade_chunk0|ws,2,32050,0.642,827.5,,,,1761686134951,1761686134833,1761686134969,0.0002,724771477,dt_ms=118
2025-10-28T21:15:34.969Z,ADAUSDT,mmap,rings/binance_trade_chunk0,1,32051,0.642,15321,,,,1761686134951,0,1761686134969,,,
2025-10-28T21:15:34.969Z,ADAUSDT,compare,rings/binance_trade_chunk0|ws,2,32051,0.642,15321,,,,1761686134951,1761686134833,1761686134969,0.0002,724771477,dt_ms=118
2025-10-28T21:15:34.969Z,ADAUSDT,mmap,rings/binance_trade_chunk0,1,32055,0.642,657.1,,,,1761686134952,0,1761686134969,,,
2025-10-28T21:15:34.969Z,ADAUSDT,compare,rings/binance_trade_chunk0|ws,2,32055,0.642,657.1,,,,1761686134952,1761686134833,1761686134969,0.0002,724771477,dt_ms=119
2025-10-28T21:15:34.970Z,ADAUSDT,mmap,rings/binance_trade_chunk0,1,32069,0.642,4752.7,,,,1761686134953,0,1761686134970,,,
2025-10-28T21:15:34.970Z,ADAUSDT,compare,rings/binance_trade_chunk0|ws,2,32069,0.642,4752.7,,,,1761686134953,1761686134833,1761686134970,0.0002,724771477,dt_ms=120
2025-10-28T21:15:34.970Z,ADAUSDT,mmap,rings/binance_trade_chunk0,1,32070,0.642,4418,,,,1761686134953,0,1761686134970,,,
2025-10-28T21:15:34.970Z,ADAUSDT,compare,rings/binance_trade_chunk0|ws,2,32070,0.642,4418,,,,1761686134953,1761686134833,1761686134970,0.0002,724771477,dt_ms=120
2025-10-28T21:15:34.970Z,ADAUSDT,mmap,rings/binance_trade_chunk0,1,32071,0.642,8.2,,,,1761686134953,0,1761686134970,,,
2025-10-28T21:15:34.970Z,ADAUSDT,compare,rings/binance_trade_chunk0|ws,2,32071,0.642,8.2,,,,1761686134953,1761686134833,1761686134970,0.0002,724771477,dt_ms=120
2025-10-28T21:15:34.971Z,ADAUSDT,mmap,rings/binance_trade_chunk0,1,32072,0.642,8.2,,,,1761686134953,0,1761686134970,,,
2025-10-28T21:15:34.971Z,ADAUSDT,compare,rings/binance_trade_chunk0|ws,2,32072,0.642,8.2,,,,1761686134953,1761686134833,1761686134971,0.0002,724771477,dt_ms=120
2025-10-28T21:15:34.971Z,ADAUSDT,mmap,rings/binance_trade_chunk0,1,32073,0.642,8.5,,,,1761686134953,0,1761686134971,,,
2025-10-28T21:15:34.971Z,ADAUSDT,compare,rings/binance_trade_chunk0|ws,2,32073,0.642,8.5,,,,1761686134953,1761686134833,1761686134971,0.0002,724771477,dt_ms=120
2025-10-28T21:15:34.971Z,ADAUSDT,mmap,rings/binance_trade_chunk0,1,32074,0.642,8.2,,,,1761686134953,0,1761686134971,,,
2025-10-28T21:15:34.971Z,ADAUSDT,compare,rings/binance_trade_chunk0|ws,2,32074,0.642,8.2,,,,1761686134953,1761686134833,1761686134971,0.0002,724771477,dt_ms=120
2025-10-28T21:15:34.971Z,ADAUSDT,mmap,rings/binance_trade_chunk0,1,32079,0.6419,7.8,,,,1761686134954,0,1761686134971,,,
2025-10-28T21:15:34.971Z,ADAUSDT,compare,rings/binance_trade_chunk0|ws,2,32079,0.6419,7.8,,,,1761686134954,1761686134833,1761686134971,0.0001,724771477,dt_ms=121
2025-10-28T21:15:34.971Z,ADAUSDT,mmap,rings/binance_trade_chunk0,1,32080,0.6419,11.7,,,,1761686134954,0,1761686134971,,,
2025-10-28T21:15:34.971Z,ADAUSDT,compare,rings/binance_trade_chunk0|ws,2,32080,0.6419,11.7,,,,1761686134954,1761686134833,1761686134971,0.0001,724771477,dt_ms=121
2025-10-28T21:15:34.971Z,ADAUSDT,mmap,rings/binance_trade_chunk0,1,32081,0.6419,7.8,,,,1761686134954,0,1761686134971,,,
2025-10-28T21:15:34.971Z,ADAUSDT,compare,rings/binance_trade_chunk0|ws,2,32081,0.6419,7.8,,,,1761686134954,1761686134833,1761686134971,0.0001,724771477,dt_ms=121
2025-10-28T21:15:34.971Z,ADAUSDT,mmap,rings/binance_trade_chunk0,1,32082,0.6419,8.6,,,,1761686134954,0,1761686134971,,,
2025-10-28T21:15:34.971Z,ADAUSDT,compare,rings/binance_trade_chunk0|ws,2,32082,0.6419,8.6,,,,1761686134954,1761686134833,1761686134971,0.0001,724771477,dt_ms=121
2025-10-28T21:15:34.972Z,ADAUSDT,mmap,rings/binance_trade_chunk0,1,32083,0.6419,7.9,,,,1761686134954,0,1761686134972,,,
2025-10-28T21:15:34.972Z,ADAUSDT,compare,rings/binance_trade_chunk0|ws,2,32083,0.6419,7.9,,,,1761686134954,1761686134833,1761686134972,0.0001,724771477,dt_ms=121
2025-10-28T21:15:34.972Z,ADAUSDT,mmap,rings/binance_trade_chunk0,1,32084,0.6419,7.8,,,,1761686134954,0,1761686134972,,,
2025-10-28T21:15:34.972Z,ADAUSDT,compare,rings/binance_trade_chunk0|ws,2,32084,0.6419,7.8,,,,1761686134954,1761686134833,1761686134972,0.0001,724771477,dt_ms=121
2025-10-28T21:15:34.972Z,ADAUSDT,mmap,rings/binance_trade_chunk0,1,32085,0.6419,8.2,,,,1761686134954,0,1761686134972,,,
2025-10-28T21:15:34.972Z,ADAUSDT,compare,rings/binance_trade_chunk0|ws,2,32085,0.6419,8.2,,,,1761686134954,1761686134833,1761686134972,0.0001,724771477,dt_ms=121
2025-10-28T21:15:34.972Z,ADAUSDT,mmap,rings/binance_trade_chunk0,1,32086,0.6419,8.2,,,,1761686134954,0,1761686134972,,,
2025-10-28T21:15:34.972Z,ADAUSDT,compare,rings/binance_trade_chunk0|ws,2,32086,0.6419,8.2,,,,1761686134954,1761686134833,1761686134972,0.0001,724771477,dt_ms=121
2025-10-28T21:15:34.972Z,ADAUSDT,mmap,rings/binance_trade_chunk0,1,32087,0.6419,8.2,,,,1761686134954,0,1761686134972,,,
2025-10-28T21:15:34.972Z,ADAUSDT,compare,rings/binance_trade_chunk0|ws,2,32087,0.6419,8.2,,,,1761686134954,1761686134833,1761686134972,0.0001,724771477,dt_ms=121
2025-10-28T21:15:34.972Z,ADAUSDT,mmap,rings/binance_trade_chunk0,1,32088,0.6418,11.7,,,,1761686134954,0,1761686134972,,,
2025-10-28T21:15:34.972Z,ADAUSDT,compare,rings/binance_trade_chunk0|ws,2,32088,0.6418,11.7,,,,1761686134954,1761686134833,1761686134972,0,724771477,dt_ms=121
2025-10-28T21:15:34.972Z,ADAUSDT,mmap,rings/binance_trade_chunk0,1,32089,0.6418,7.8,,,,1761686134954,0,1761686134972,,,
2025-10-28T21:15:34.972Z,ADAUSDT,compare,rings/binance_trade_chunk0|ws,2,32089,0.6418,7.8,,,,1761686134954,1761686134833,1761686134972,0,724771477,dt_ms=121
2025-10-28T21:15:34.972Z,ADAUSDT,mmap,rings/binance_trade_chunk0,1,32090,0.6418,11.7,,,,1761686134954,0,1761686134972,,,
2025-10-28T21:15:34.972Z,ADAUSDT,compare,rings/binance_trade_chunk0|ws,2,32090,0.6418,11.7,,,,1761686134954,1761686134833,1761686134972,0,724771477,dt_ms=121
2025-10-28T21:15:34.972Z,ADAUSDT,mmap,rings/binance_trade_chunk0,1,32091,0.6418,7.9,,,,1761686134954,0,1761686134972,,,
2025-10-28T21:15:34.972Z,ADAUSDT,compare,rings/binance_trade_chunk0|ws,2,32091,0.6418,7.9,,,,1761686134954,1761686134833,1761686134972,0,724771477,dt_ms=121
2025-10-28T21:15:34.972Z,ADAUSDT,mmap,rings/binance_trade_chunk0,1,32092,0.6418,8.6,,,,1761686134954,0,1761686134972,,,
2025-10-28T21:15:34.972Z,ADAUSDT,compare,rings/binance_trade_chunk0|ws,2,32092,0.6418,8.6,,,,1761686134954,1761686134833,1761686134972,0,724771477,dt_ms=121
2025-10-28T21:15:34.972Z,ADAUSDT,mmap,rings/binance_trade_chunk0,1,32093,0.6418,7.8,,,,1761686134954,0,1761686134972,,,
2025-10-28T21:15:34.972Z,ADAUSDT,compare,rings/binance_trade_chunk0|ws,2,32093,0.6418,7.8,,,,1761686134954,1761686134833,1761686134972,0,724771477,dt_ms=121
2025-10-28T21:15:34.972Z,ADAUSDT,mmap,rings/binance_trade_chunk0,1,32094,0.6418,1427.1,,,,1761686134954,0,1761686134972,,,
2025-10-28T21:15:34.972Z,ADAUSDT,compare,rings/binance_trade_chunk0|ws,2,32094,0.6418,1427.1,,,,1761686134954,1761686134833,1761686134972,0,724771477,dt_ms=121
2025-10-28T21:15:34.973Z,ADAUSDT,mmap,rings/binance_trade_chunk0,1,32099,0.6418,73,,,,1761686134955,0,1761686134973,,,
2025-10-28T21:15:34.973Z,ADAUSDT,compare,rings/binance_trade_chunk0|ws,2,32099,0.6418,73,,,,1761686134955,1761686134833,1761686134973,0,724771477,dt_ms=122
2025-10-28T21:15:34.973Z,ADAUSDT,mmap,rings/binance_trade_chunk0,1,32101,0.6418,265.5,,,,1761686134955,0,1761686134973,,,
2025-10-28T21:15:34.973Z,ADAUSDT,compare,rings/binance_trade_chunk0|ws,2,32101,0.6418,265.5,,,,1761686134955,1761686134833,1761686134973,0,724771477,dt_ms=122
2025-10-28T21:15:34.973Z,ADAUSDT,mmap,rings/binance_trade_chunk0,1,32102,0.6418,534.5,,,,1761686134955,0,1761686134973,,,
2025-10-28T21:15:34.973Z,ADAUSDT,compare,rings/binance_trade_chunk0|ws,2,32102,0.6418,534.5,,,,1761686134955,1761686134833,1761686134973,0,724771477,dt_ms=122
2025-10-28T21:15:34.973Z,ADAUSDT,mmap,rings/binance_trade_chunk0,1,32103,0.6418,800,,,,1761686134955,0,1761686134973,,,
2025-10-28T21:15:34.973Z,ADAUSDT,compare,rings/binance_trade_chunk0|ws,2,32103,0.6418,800,,,,1761686134955,1761686134833,1761686134973,0,724771477,dt_ms=122
2025-10-28T21:15:35.228Z,ADAUSDT,ws,ws,1,724771478,0.6418,11.1,,,,0,1761686134866,1761686135228,,,
2025-10-28T21:15:35.228Z,ADAUSDT,compare,rings/binance_trade_chunk0|ws,2,32103,0.6418,800,,,,1761686134955,1761686134866,1761686135228,0,724771478,dt_ms=89
2025-10-28T21:15:35.229Z,ADAUSDT,ws,ws,1,724771479,0.6418,7.8,,,,0,1761686134866,1761686135229,,,
2025-10-28T21:15:35.229Z,ADAUSDT,compare,rings/binance_trade_chunk0|ws,2,32103,0.6418,800,,,,1761686134955,1761686134866,1761686135229,0,724771479,dt_ms=89
2025-10-28T21:15:35.229Z,ADAUSDT,ws,ws,1,724771480,0.6418,1509.3,,,,0,1761686134866,1761686135229,,,
2025-10-28T21:15:35.229Z,ADAUSDT,compare,rings/binance_trade_chunk0|ws,2,32103,0.6418,800,,,,1761686134955,1761686134866,1761686135229,0,724771480,dt_ms=89
2025-10-28T21:15:35.229Z,ADAUSDT,ws,ws,1,724771481,0.6418,424.4,,,,0,1761686134968,1761686135229,,,
2025-10-28T21:15:35.229Z,ADAUSDT,compare,rings/binance_trade_chunk0|ws,2,32103,0.6418,800,,,,1761686134955,1761686134968,1761686135229,0,724771481,dt_ms=13
2025-10-28T21:15:35.286Z,ADAUSDT,mmap,rings/binance_trade_chunk0,1,32105,0.6418,20,,,,1761686135238,0,1761686135286,,,
2025-10-28T21:15:35.286Z,ADAUSDT,compare,rings/binance_trade_chunk0|ws,2,32105,0.6418,20,,,,1761686135238,1761686134968,1761686135286,0,724771481,dt_ms=270
2025-10-28T21:15:35.287Z,ADAUSDT,mmap,rings/binance_trade_chunk0,1,32121,0.6418,307,,,,1761686135238,0,1761686135287,,,
2025-10-28T21:15:35.287Z,ADAUSDT,compare,rings/binance_trade_chunk0|ws,2,32121,0.6418,307,,,,1761686135238,1761686134968,1761686135287,0,724771481,dt_ms=270
2025-10-28T21:15:35.287Z,ADAUSDT,mmap,rings/binance_trade_chunk0,1,32133,0.6418,1765.5,,,,1761686135239,0,1761686135287,,,
2025-10-28T21:15:35.287Z,ADAUSDT,compare,rings/binance_trade_chunk0|ws,2,32133,0.6418,1765.5,,,,1761686135239,1761686134968,1761686135287,0,724771481,dt_ms=271
2025-10-28T21:15:35.287Z,ADAUSDT,mmap,rings/binance_trade_chunk0,1,32134,0.6418,7.8,,,,1761686135239,0,1761686135287,,,
2025-10-28T21:15:35.287Z,ADAUSDT,compare,rings/binance_trade_chunk0|ws,2,32134,0.6418,7.8,,,,1761686135239,1761686134968,1761686135287,0,724771481,dt_ms=271
2025-10-28T21:15:35.287Z,ADAUSDT,mmap,rings/binance_trade_chunk0,1,32135,0.6418,403.4,,,,1761686135239,0,1761686135287,,,
2025-10-28T21:15:35.288Z,ADAUSDT,compare,rings/binance_trade_chunk0|ws,2,32135,0.6418,403.4,,,,1761686135239,1761686134968,1761686135288,0,724771481,dt_ms=271
2025-10-28T21:15:35.288Z,ADAUSDT,mmap,rings/binance_trade_chunk0,1,32136,0.6418,507.2,,,,1761686135239,0,1761686135287,,,
2025-10-28T21:15:35.288Z,ADAUSDT,compare,rings/binance_trade_chunk0|ws,2,32136,0.6418,507.2,,,,1761686135239,1761686134968,1761686135288,0,724771481,dt_ms=271
2025-10-28T21:15:35.288Z,ADAUSDT,mmap,rings/binance_trade_chunk0,1,32138,0.6418,459.8,,,,1761686135239,0,1761686135288,,,
2025-10-28T21:15:35.288Z,ADAUSDT,compare,rings/binance_trade_chunk0|ws,2,32138,0.6418,459.8,,,,1761686135239,1761686134968,1761686135288,0,724771481,dt_ms=271
2025-10-28T21:15:35.288Z,ADAUSDT,mmap,rings/binance_trade_chunk0,1,32139,0.6418,8.2,,,,1761686135239,0,1761686135288,,,
2025-10-28T21:15:35.288Z,ADAUSDT,compare,rings/binance_trade_chunk0|ws,2,32139,0.6418,8.2,,,,1761686135239,1761686134968,1761686135288,0,724771481,dt_ms=271
2025-10-28T21:15:35.288Z,ADAUSDT,mmap,rings/binance_trade_chunk0,1,32140,0.6418,8.2,,,,1761686135239,0,1761686135288,,,
2025-10-28T21:15:35.288Z,ADAUSDT,compare,rings/binance_trade_chunk0|ws,2,32140,0.6418,8.2,,,,1761686135239,1761686134968,1761686135288,0,724771481,dt_ms=271
2025-10-28T21:15:35.288Z,ADAUSDT,mmap,rings/binance_trade_chunk0,1,32141,0.6418,302.8,,,,1761686135239,0,1761686135288,,,
2025-10-28T21:15:35.288Z,ADAUSDT,compare,rings/binance_trade_chunk0|ws,2,32141,0.6418,302.8,,,,1761686135239,1761686134968,1761686135288,0,724771481,dt_ms=271
2025-10-28T21:15:35.290Z,ADAUSDT,mmap,rings/binance_trade_chunk0,1,32187,0.6418,11.1,,,,1761686135240,0,1761686135290,,,
2025-10-28T21:15:35.290Z,ADAUSDT,compare,rings/binance_trade_chunk0|ws,2,32187,0.6418,11.1,,,,1761686135240,1761686134968,1761686135290,0,724771481,dt_ms=272
2025-10-28T21:15:35.290Z,ADAUSDT,mmap,rings/binance_trade_chunk0,1,32188,0.6418,7.8,,,,1761686135240,0,1761686135290,,,
2025-10-28T21:15:35.290Z,ADAUSDT,compare,rings/binance_trade_chunk0|ws,2,32188,0.6418,7.8,,,,1761686135240,1761686134968,1761686135290,0,724771481,dt_ms=272
2025-10-28T21:15:35.290Z,ADAUSDT,mmap,rings/binance_trade_chunk0,1,32189,0.6418,1509.3,,,,1761686135240,0,1761686135290,,,
2025-10-28T21:15:35.290Z,ADAUSDT,compare,rings/binance_trade_chunk0|ws,2,32189,0.6418,1509.3,,,,1761686135240,1761686134968,1761686135290,0,724771481,dt_ms=272
2025-10-28T21:15:35.292Z,ADAUSDT,mmap,rings/binance_trade_chunk0,1,32241,0.6418,424.4,,,,1761686135241,0,1761686135292,,,
2025-10-28T21:15:35.292Z,ADAUSDT,compare,rings/binance_trade_chunk0|ws,2,32241,0.6418,424.4,,,,1761686135241,1761686134968,1761686135292,0,724771481,dt_ms=273
2025-10-28T21:15:36.296Z,ADAUSDT,ws,ws,1,724771482,0.6418,105.6,,,,0,1761686136165,1761686136296,,,
2025-10-28T21:15:36.340Z,ADAUSDT,mmap,rings/binance_trade_chunk0,1,32294,0.6418,105.6,,,,1761686136297,0,1761686136340,,,
2025-10-28T21:15:36.340Z,ADAUSDT,compare,rings/binance_trade_chunk0|ws,2,32294,0.6418,105.6,,,,1761686136297,1761686136165,1761686136340,0,724771482,dt_ms=132
2025-10-28T21:15:36.522Z,ADAUSDT,ws,ws,1,724771483,0.6419,155.7,,,,0,1761686136391,1761686136522,,,
2025-10-28T21:15:36.522Z,ADAUSDT,compare,rings/binance_trade_chunk0|ws,2,32294,0.6418,105.6,,,,1761686136297,1761686136391,1761686136522,-0.0001,724771483,dt_ms=94
2025-10-28T21:15:36.545Z,ADAUSDT,mmap,rings/binance_trade_chunk0,1,32309,0.6419,155.7,,,,1761686136522,0,1761686136544,,,
2025-10-28T21:15:36.545Z,ADAUSDT,compare,rings/binance_trade_chunk0|ws,2,32309,0.6419,155.7,,,,1761686136522,1761686136391,1761686136545,0,724771483,dt_ms=131
2025-10-28T21:15:36.891Z,ADAUSDT,ws,ws,1,724771484,0.6419,155.7,,,,0,1761686136759,1761686136891,,,
2025-10-28T21:15:36.891Z,ADAUSDT,compare,rings/binance_trade_chunk0|ws,2,32309,0.6419,155.7,,,,1761686136522,1761686136759,1761686136891,0,724771484,dt_ms=237
2025-10-28T21:15:36.911Z,ADAUSDT,mmap,rings/binance_trade_chunk0,1,32402,0.6419,155.7,,,,1761686136891,0,1761686136911,,,
2025-10-28T21:15:36.911Z,ADAUSDT,compare,rings/binance_trade_chunk0|ws,2,32402,0.6419,155.7,,,,1761686136891,1761686136759,1761686136911,0,724771484,dt_ms=132
2025-10-28T21:15:37.598Z,ADAUSDT,ws,ws,1,724771485,0.6419,155.7,,,,0,1761686137467,1761686137597,,,
2025-10-28T21:15:37.647Z,ADAUSDT,mmap,rings/binance_trade_chunk0,1,32484,0.6419,155.7,,,,1761686137598,0,1761686137647,,,
2025-10-28T21:15:37.647Z,ADAUSDT,compare,rings/binance_trade_chunk0|ws,2,32484,0.6419,155.7,,,,1761686137598,1761686137467,1761686137647,0,724771485,dt_ms=131
2025-10-28T21:15:38.295Z,ADAUSDT,ws,ws,1,724771486,0.6419,77.9,,,,0,1761686138164,1761686138295,,,
2025-10-28T21:15:38.325Z,ADAUSDT,mmap,rings/binance_trade_chunk0,1,32665,0.6419,77.9,,,,1761686138296,0,1761686138325,,,
2025-10-28T21:15:38.325Z,ADAUSDT,compare,rings/binance_trade_chunk0|ws,2,32665,0.6419,77.9,,,,1761686138296,1761686138164,1761686138325,0,724771486,dt_ms=132
2025-10-28T21:15:38.435Z,ADAUSDT,ws,ws,1,724771487,0.6419,17.1,,,,0,1761686138303,1761686138434,,,
2025-10-28T21:15:38.435Z,ADAUSDT,compare,rings/binance_trade_chunk0|ws,2,32665,0.6419,77.9,,,,1761686138296,1761686138303,1761686138435,0,724771487,dt_ms=7
2025-10-28T21:15:38.486Z,ADAUSDT,mmap,rings/binance_trade_chunk0,1,32668,0.6419,17.1,,,,1761686138436,0,1761686138486,,,
2025-10-28T21:15:38.486Z,ADAUSDT,compare,rings/binance_trade_chunk0|ws,2,32668,0.6419,17.1,,,,1761686138436,1761686138303,1761686138486,0,724771487,dt_ms=133
2025-10-28T21:15:38.615Z,ADAUSDT,ws,ws,1,724771488,0.6419,192.1,,,,0,1761686138483,1761686138615,,,
2025-10-28T21:15:38.615Z,ADAUSDT,compare,rings/binance_trade_chunk0|ws,2,32668,0.6419,17.1,,,,1761686138436,1761686138483,1761686138615,0,724771488,dt_ms=47
2025-10-28T21:15:38.615Z,ADAUSDT,ws,ws,1,724771489,0.6419,276.9,,,,0,1761686138483,1761686138615,,,
2025-10-28T21:15:38.615Z,ADAUSDT,compare,rings/binance_trade_chunk0|ws,2,32668,0.6419,17.1,,,,1761686138436,1761686138483,1761686138615,0,724771489,dt_ms=47
2025-10-28T21:15:38.615Z,ADAUSDT,ws,ws,1,724771490,0.6419,1353.9,,,,0,1761686138483,1761686138615,,,
2025-10-28T21:15:38.615Z,ADAUSDT,compare,rings/binance_trade_chunk0|ws,2,32668,0.6419,17.1,,,,1761686138436,1761686138483,1761686138615,0,724771490,dt_ms=47
2025-10-28T21:15:38.615Z,ADAUSDT,ws,ws,1,724771491,0.6419,1522.4,,,,0,1761686138483,1761686138615,,,
2025-10-28T21:15:38.615Z,ADAUSDT,compare,rings/binance_trade_chunk0|ws,2,32668,0.6419,17.1,,,,1761686138436,1761686138483,1761686138615,0,724771491,dt_ms=47
2025-10-28T21:15:38.615Z,ADAUSDT,ws,ws,1,724771492,0.6419,1261,,,,0,1761686138483,1761686138615,,,
2025-10-28T21:15:38.615Z,ADAUSDT,compare,rings/binance_trade_chunk0|ws,2,32668,0.6419,17.1,,,,1761686138436,1761686138483,1761686138615,0,724771492,dt_ms=47
2025-10-28T21:15:38.616Z,ADAUSDT,ws,ws,1,724771493,0.6419,8.2,,,,0,1761686138483,1761686138615,,,
2025-10-28T21:15:38.616Z,ADAUSDT,compare,rings/binance_trade_chunk0|ws,2,32668,0.6419,17.1,,,,1761686138436,1761686138483,1761686138616,0,724771493,dt_ms=47
2025-10-28T21:15:38.616Z,ADAUSDT,ws,ws,1,724771494,0.6419,8.2,,,,0,1761686138483,1761686138616,,,
2025-10-28T21:15:38.616Z,ADAUSDT,compare,rings/binance_trade_chunk0|ws,2,32668,0.6419,17.1,,,,1761686138436,1761686138483,1761686138616,0,724771494,dt_ms=47
2025-10-28T21:15:38.616Z,ADAUSDT,ws,ws,1,724771495,0.6419,8.2,,,,0,1761686138483,1761686138616,,,
2025-10-28T21:15:38.616Z,ADAUSDT,compare,rings/binance_trade_chunk0|ws,2,32668,0.6419,17.1,,,,1761686138436,1761686138483,1761686138616,0,724771495,dt_ms=47
2025-10-28T21:15:38.642Z,ADAUSDT,mmap,rings/binance_trade_chunk0,1,32685,0.6419,192.1,,,,1761686138617,0,1761686138642,,,
2025-10-28T21:15:38.642Z,ADAUSDT,compare,rings/binance_trade_chunk0|ws,2,32685,0.6419,192.1,,,,1761686138617,1761686138483,1761686138642,0,724771495,dt_ms=134
2025-10-28T21:15:38.642Z,ADAUSDT,mmap,rings/binance_trade_chunk0,1,32686,0.6419,276.9,,,,1761686138617,0,1761686138642,,,
2025-10-28T21:15:38.642Z,ADAUSDT,compare,rings/binance_trade_chunk0|ws,2,32686,0.6419,276.9,,,,1761686138617,1761686138483,1761686138642,0,724771495,dt_ms=134
2025-10-28T21:15:38.642Z,ADAUSDT,mmap,rings/binance_trade_chunk0,1,32687,0.6419,1353.9,,,,1761686138617,0,1761686138642,,,
2025-10-28T21:15:38.642Z,ADAUSDT,compare,rings/binance_trade_chunk0|ws,2,32687,0.6419,1353.9,,,,1761686138617,1761686138483,1761686138642,0,724771495,dt_ms=134
2025-10-28T21:15:38.642Z,ADAUSDT,mmap,rings/binance_trade_chunk0,1,32688,0.6419,1522.4,,,,1761686138617,0,1761686138642,,,
2025-10-28T21:15:38.642Z,ADAUSDT,compare,rings/binance_trade_chunk0|ws,2,32688,0.6419,1522.4,,,,1761686138617,1761686138483,1761686138642,0,724771495,dt_ms=134
2025-10-28T21:15:38.642Z,ADAUSDT,mmap,rings/binance_trade_chunk0,1,32689,0.6419,1261,,,,1761686138617,0,1761686138642,,,
2025-10-28T21:15:38.643Z,ADAUSDT,compare,rings/binance_trade_chunk0|ws,2,32689,0.6419,1261,,,,1761686138617,1761686138483,1761686138643,0,724771495,dt_ms=134
2025-10-28T21:15:38.643Z,ADAUSDT,mmap,rings/binance_trade_chunk0,1,32690,0.6419,8.2,,,,1761686138617,0,1761686138643,,,
2025-10-28T21:15:38.643Z,ADAUSDT,compare,rings/binance_trade_chunk0|ws,2,32690,0.6419,8.2,,,,1761686138617,1761686138483,1761686138643,0,724771495,dt_ms=134
2025-10-28T21:15:38.643Z,ADAUSDT,mmap,rings/binance_trade_chunk0,1,32691,0.6419,8.2,,,,1761686138617,0,1761686138643,,,
2025-10-28T21:15:38.643Z,ADAUSDT,compare,rings/binance_trade_chunk0|ws,2,32691,0.6419,8.2,,,,1761686138617,1761686138483,1761686138643,0,724771495,dt_ms=134
2025-10-28T21:15:38.643Z,ADAUSDT,mmap,rings/binance_trade_chunk0,1,32692,0.6419,8.2,,,,1761686138617,0,1761686138643,,,
2025-10-28T21:15:38.643Z,ADAUSDT,compare,rings/binance_trade_chunk0|ws,2,32692,0.6419,8.2,,,,1761686138617,1761686138483,1761686138643,0,724771495,dt_ms=134
2025-10-28T21:15:38.696Z,ADAUSDT,ws,ws,1,724771496,0.642,11.7,,,,0,1761686138565,1761686138696,,,
2025-10-28T21:15:38.696Z,ADAUSDT,compare,rings/binance_trade_chunk0|ws,2,32692,0.6419,8.2,,,,1761686138617,1761686138565,1761686138696,-0.0001,724771496,dt_ms=52
2025-10-28T21:15:38.696Z,ADAUSDT,ws,ws,1,724771497,0.642,7.8,,,,0,1761686138565,1761686138696,,,
2025-10-28T21:15:38.696Z,ADAUSDT,compare,rings/binance_trade_chunk0|ws,2,32692,0.6419,8.2,,,,1761686138617,1761686138565,1761686138696,-0.0001,724771497,dt_ms=52
2025-10-28T21:15:38.696Z,ADAUSDT,ws,ws,1,724771498,0.642,8.2,,,,0,1761686138565,1761686138696,,,
2025-10-28T21:15:38.696Z,ADAUSDT,compare,rings/binance_trade_chunk0|ws,2,32692,0.6419,8.2,,,,1761686138617,1761686138565,1761686138696,-0.0001,724771498,dt_ms=52
2025-10-28T21:15:38.696Z,ADAUSDT,ws,ws,1,724771499,0.642,8.2,,,,0,1761686138565,1761686138696,,,
2025-10-28T21:15:38.696Z,ADAUSDT,compare,rings/binance_trade_chunk0|ws,2,32692,0.6419,8.2,,,,1761686138617,1761686138565,1761686138697,-0.0001,724771499,dt_ms=52
2025-10-28T21:15:38.697Z,ADAUSDT,ws,ws,1,724771500,0.642,8.9,,,,0,1761686138565,1761686138697,,,
2025-10-28T21:15:38.697Z,ADAUSDT,compare,rings/binance_trade_chunk0|ws,2,32692,0.6419,8.2,,,,1761686138617,1761686138565,1761686138697,-0.0001,724771500,dt_ms=52
2025-10-28T21:15:38.697Z,ADAUSDT,ws,ws,1,724771501,0.642,8.2,,,,0,1761686138565,1761686138697,,,
2025-10-28T21:15:38.697Z,ADAUSDT,compare,rings/binance_trade_chunk0|ws,2,32692,0.6419,8.2,,,,1761686138617,1761686138565,1761686138697,-0.0001,724771501,dt_ms=52
2025-10-28T21:15:39.013Z,ADAUSDT,mmap,rings/binance_trade_chunk0,1,32785,0.642,11.7,,,,1761686138980,0,1761686139013,,,
2025-10-28T21:15:39.013Z,ADAUSDT,compare,rings/binance_trade_chunk0|ws,2,32785,0.642,11.7,,,,1761686138980,1761686138565,1761686139013,0,724771501,dt_ms=415
2025-10-28T21:15:39.013Z,ADAUSDT,mmap,rings/binance_trade_chunk0,1,32786,0.642,7.8,,,,1761686138980,0,1761686139013,,,
2025-10-28T21:15:39.013Z,ADAUSDT,compare,rings/binance_trade_chunk0|ws,2,32786,0.642,7.8,,,,1761686138980,1761686138565,1761686139013,0,724771501,dt_ms=415
2025-10-28T21:15:39.013Z,ADAUSDT,mmap,rings/binance_trade_chunk0,1,32787,0.642,8.2,,,,1761686138980,0,1761686139013,,,
2025-10-28T21:15:39.013Z,ADAUSDT,compare,rings/binance_trade_chunk0|ws,2,32787,0.642,8.2,,,,1761686138980,1761686138565,1761686139013,0,724771501,dt_ms=415
2025-10-28T21:15:39.013Z,ADAUSDT,mmap,rings/binance_trade_chunk0,1,32788,0.642,8.2,,,,1761686138980,0,1761686139013,,,
2025-10-28T21:15:39.013Z,ADAUSDT,compare,rings/binance_trade_chunk0|ws,2,32788,0.642,8.2,,,,1761686138980,1761686138565,1761686139013,0,724771501,dt_ms=415
2025-10-28T21:15:39.013Z,ADAUSDT,mmap,rings/binance_trade_chunk0,1,32789,0.642,8.9,,,,1761686138980,0,1761686139013,,,
2025-10-28T21:15:39.013Z,ADAUSDT,compare,rings/binance_trade_chunk0|ws,2,32789,0.642,8.9,,,,1761686138980,1761686138565,1761686139013,0,724771501,dt_ms=415
2025-10-28T21:15:39.013Z,ADAUSDT,mmap,rings/binance_trade_chunk0,1,32790,0.642,8.2,,,,1761686138980,0,1761686139013,,,
2025-10-28T21:15:39.013Z,ADAUSDT,compare,rings/binance_trade_chunk0|ws,2,32790,0.642,8.2,,,,1761686138980,1761686138565,1761686139013,0,724771501,dt_ms=415
2025-10-28T21:15:39.084Z,ADAUSDT,ws,ws,1,724771502,0.6421,11.7,,,,0,1761686138933,1761686139084,,,
2025-10-28T21:15:39.084Z,ADAUSDT,compare,rings/binance_trade_chunk0|ws,2,32790,0.642,8.2,,,,1761686138980,1761686138933,1761686139084,-0.0001,724771502,dt_ms=47
2025-10-28T21:15:39.085Z,ADAUSDT,ws,ws,1,724771503,0.6421,7.8,,,,0,1761686138933,1761686139084,,,
2025-10-28T21:15:39.085Z,ADAUSDT,compare,rings/binance_trade_chunk0|ws,2,32790,0.642,8.2,,,,1761686138980,1761686138933,1761686139085,-0.0001,724771503,dt_ms=47
2025-10-28T21:15:39.085Z,ADAUSDT,ws,ws,1,724771504,0.6421,8.2,,,,0,1761686138933,1761686139085,,,
2025-10-28T21:15:39.085Z,ADAUSDT,compare,rings/binance_trade_chunk0|ws,2,32790,0.642,8.2,,,,1761686138980,1761686138933,1761686139085,-0.0001,724771504,dt_ms=47
2025-10-28T21:15:39.085Z,ADAUSDT,ws,ws,1,724771505,0.6421,8.2,,,,0,1761686138933,1761686139085,,,
2025-10-28T21:15:39.085Z,ADAUSDT,compare,rings/binance_trade_chunk0|ws,2,32790,0.642,8.2,,,,1761686138980,1761686138933,1761686139085,-0.0001,724771505,dt_ms=47
2025-10-28T21:15:39.085Z,ADAUSDT,ws,ws,1,724771506,0.6421,11.9,,,,0,1761686138933,1761686139085,,,
2025-10-28T21:15:39.085Z,ADAUSDT,compare,rings/binance_trade_chunk0|ws,2,32790,0.642,8.2,,,,1761686138980,1761686138933,1761686139085,-0.0001,724771506,dt_ms=47
2025-10-28T21:15:39.085Z,ADAUSDT,ws,ws,1,724771507,0.6421,8.2,,,,0,1761686138933,1761686139085,,,
2025-10-28T21:15:39.085Z,ADAUSDT,compare,rings/binance_trade_chunk0|ws,2,32790,0.642,8.2,,,,1761686138980,1761686138933,1761686139085,-0.0001,724771507,dt_ms=47
2025-10-28T21:15:39.160Z,ADAUSDT,mmap,rings/binance_trade_chunk0,1,32939,0.6421,11.7,,,,1761686139143,0,1761686139160,,,
2025-10-28T21:15:39.160Z,ADAUSDT,compare,rings/binance_trade_chunk0|ws,2,32939,0.6421,11.7,,,,1761686139143,1761686138933,1761686139160,0,724771507,dt_ms=210
2025-10-28T21:15:39.160Z,ADAUSDT,mmap,rings/binance_trade_chunk0,1,32940,0.6421,7.8,,,,1761686139143,0,1761686139160,,,
2025-10-28T21:15:39.160Z,ADAUSDT,compare,rings/binance_trade_chunk0|ws,2,32940,0.6421,7.8,,,,1761686139143,1761686138933,1761686139160,0,724771507,dt_ms=210
2025-10-28T21:15:39.160Z,ADAUSDT,mmap,rings/binance_trade_chunk0,1,32941,0.6421,8.2,,,,1761686139143,0,1761686139160,,,
2025-10-28T21:15:39.160Z,ADAUSDT,compare,rings/binance_trade_chunk0|ws,2,32941,0.6421,8.2,,,,1761686139143,1761686138933,1761686139160,0,724771507,dt_ms=210
2025-10-28T21:15:39.160Z,ADAUSDT,mmap,rings/binance_trade_chunk0,1,32942,0.6421,8.2,,,,1761686139143,0,1761686139160,,,
2025-10-28T21:15:39.160Z,ADAUSDT,compare,rings/binance_trade_chunk0|ws,2,32942,0.6421,8.2,,,,1761686139143,1761686138933,1761686139160,0,724771507,dt_ms=210
2025-10-28T21:15:39.160Z,ADAUSDT,mmap,rings/binance_trade_chunk0,1,32943,0.6421,11.9,,,,1761686139143,0,1761686139160,,,
2025-10-28T21:15:39.160Z,ADAUSDT,compare,rings/binance_trade_chunk0|ws,2,32943,0.6421,11.9,,,,1761686139143,1761686138933,1761686139160,0,724771507,dt_ms=210
2025-10-28T21:15:39.160Z,ADAUSDT,mmap,rings/binance_trade_chunk0,1,32944,0.6421,8.2,,,,1761686139143,0,1761686139160,,,
2025-10-28T21:15:39.160Z,ADAUSDT,compare,rings/binance_trade_chunk0|ws,2,32944,0.6421,8.2,,,,1761686139143,1761686138933,1761686139160,0,724771507,dt_ms=210
2025-10-28T21:15:44.637Z,ADAUSDT,ws,ws,1,724771508,0.6421,7.8,,,,0,1761686144504,1761686144636,,,
2025-10-28T21:15:44.637Z,ADAUSDT,ws,ws,1,724771509,0.6421,8.2,,,,0,1761686144504,1761686144637,,,
2025-10-28T21:15:44.637Z,ADAUSDT,ws,ws,1,724771510,0.6421,8.2,,,,0,1761686144504,1761686144637,,,
2025-10-28T21:15:44.637Z,ADAUSDT,ws,ws,1,724771511,0.6421,7.1,,,,0,1761686144504,1761686144637,,,
2025-10-28T21:15:44.650Z,ADAUSDT,mmap,rings/binance_trade_chunk0,1,33462,0.6421,7.8,,,,1761686144638,0,1761686144650,,,
2025-10-28T21:15:44.650Z,ADAUSDT,compare,rings/binance_trade_chunk0|ws,2,33462,0.6421,7.8,,,,1761686144638,1761686144504,1761686144650,0,724771511,dt_ms=134
2025-10-28T21:15:44.650Z,ADAUSDT,mmap,rings/binance_trade_chunk0,1,33463,0.6421,8.2,,,,1761686144638,0,1761686144650,,,
2025-10-28T21:15:44.650Z,ADAUSDT,compare,rings/binance_trade_chunk0|ws,2,33463,0.6421,8.2,,,,1761686144638,1761686144504,1761686144650,0,724771511,dt_ms=134
2025-10-28T21:15:44.650Z,ADAUSDT,mmap,rings/binance_trade_chunk0,1,33464,0.6421,8.2,,,,1761686144638,0,1761686144650,,,
2025-10-28T21:15:44.651Z,ADAUSDT,compare,rings/binance_trade_chunk0|ws,2,33464,0.6421,8.2,,,,1761686144638,1761686144504,1761686144651,0,724771511,dt_ms=134
2025-10-28T21:15:44.651Z,ADAUSDT,mmap,rings/binance_trade_chunk0,1,33465,0.6421,7.1,,,,1761686144638,0,1761686144651,,,
2025-10-28T21:15:44.651Z,ADAUSDT,compare,rings/binance_trade_chunk0|ws,2,33465,0.6421,7.1,,,,1761686144638,1761686144504,1761686144651,0,724771511,dt_ms=134
2025-10-28T21:15:46.794Z,ADAUSDT,ws,ws,1,724771512,0.6421,21.6,,,,0,1761686146655,1761686146794,,,
2025-10-28T21:15:46.794Z,ADAUSDT,ws,ws,1,724771513,0.6421,8.2,,,,0,1761686146655,1761686146794,,,
2025-10-28T21:15:46.794Z,ADAUSDT,ws,ws,1,724771514,0.6421,8.2,,,,0,1761686146655,1761686146794,,,
2025-10-28T21:15:46.794Z,ADAUSDT,ws,ws,1,724771515,0.6421,7.8,,,,0,1761686146655,1761686146794,,,
2025-10-28T21:15:46.795Z,ADAUSDT,ws,ws,1,724771516,0.6421,15.5,,,,0,1761686146655,1761686146794,,,
2025-10-28T21:15:46.795Z,ADAUSDT,ws,ws,1,724771517,0.6421,8.2,,,,0,1761686146655,1761686146795,,,
2025-10-28T21:15:46.833Z,ADAUSDT,ws,ws,1,724771518,0.642,7.8,,,,0,1761686146700,1761686146833,,,
2025-10-28T21:15:46.834Z,ADAUSDT,mmap,rings/binance_trade_chunk0,1,33585,0.6421,21.6,,,,1761686146794,0,1761686146833,,,
2025-10-28T21:15:46.834Z,ADAUSDT,compare,rings/binance_trade_chunk0|ws,2,33585,0.6421,21.6,,,,1761686146794,1761686146700,1761686146834,0.0001,724771518,dt_ms=94
2025-10-28T21:15:46.834Z,ADAUSDT,ws,ws,1,724771519,0.642,11.7,,,,0,1761686146700,1761686146834,,,
2025-10-28T21:15:46.834Z,ADAUSDT,compare,rings/binance_trade_chunk0|ws,2,33585,0.6421,21.6,,,,1761686146794,1761686146700,1761686146834,0.0001,724771519,dt_ms=94
2025-10-28T21:15:46.834Z,ADAUSDT,mmap,rings/binance_trade_chunk0,1,33586,0.6421,8.2,,,,1761686146794,0,1761686146834,,,
2025-10-28T21:15:46.834Z,ADAUSDT,compare,rings/binance_trade_chunk0|ws,2,33586,0.6421,8.2,,,,1761686146794,1761686146700,1761686146834,0.0001,724771519,dt_ms=94
2025-10-28T21:15:46.834Z,ADAUSDT,mmap,rings/binance_trade_chunk0,1,33587,0.6421,8.2,,,,1761686146795,0,1761686146834,,,
2025-10-28T21:15:46.834Z,ADAUSDT,compare,rings/binance_trade_chunk0|ws,2,33587,0.6421,8.2,,,,1761686146795,1761686146700,1761686146834,0.0001,724771519,dt_ms=95
2025-10-28T21:15:46.834Z,ADAUSDT,ws,ws,1,724771520,0.642,7.8,,,,0,1761686146700,1761686146834,,,
2025-10-28T21:15:46.834Z,ADAUSDT,compare,rings/binance_trade_chunk0|ws,2,33587,0.6421,8.2,,,,1761686146795,1761686146700,1761686146834,0.0001,724771520,dt_ms=95
2025-10-28T21:15:46.834Z,ADAUSDT,mmap,rings/binance_trade_chunk0,1,33588,0.6421,7.8,,,,1761686146795,0,1761686146834,,,
2025-10-28T21:15:46.834Z,ADAUSDT,compare,rings/binance_trade_chunk0|ws,2,33588,0.6421,7.8,,,,1761686146795,1761686146700,1761686146834,0.0001,724771520,dt_ms=95
2025-10-28T21:15:46.834Z,ADAUSDT,ws,ws,1,724771521,0.642,8.2,,,,0,1761686146700,1761686146834,,,
2025-10-28T21:15:46.834Z,ADAUSDT,compare,rings/binance_trade_chunk0|ws,2,33588,0.6421,7.8,,,,1761686146795,1761686146700,1761686146834,0.0001,724771521,dt_ms=95
2025-10-28T21:15:46.834Z,ADAUSDT,mmap,rings/binance_trade_chunk0,1,33589,0.6421,15.5,,,,1761686146795,0,1761686146834,,,
2025-10-28T21:15:46.834Z,ADAUSDT,compare,rings/binance_trade_chunk0|ws,2,33589,0.6421,15.5,,,,1761686146795,1761686146700,1761686146834,0.0001,724771521,dt_ms=95
2025-10-28T21:15:46.834Z,ADAUSDT,mmap,rings/binance_trade_chunk0,1,33590,0.6421,8.2,,,,1761686146795,0,1761686146834,,,
2025-10-28T21:15:46.834Z,ADAUSDT,compare,rings/binance_trade_chunk0|ws,2,33590,0.6421,8.2,,,,1761686146795,1761686146700,1761686146834,0.0001,724771521,dt_ms=95
2025-10-28T21:15:46.834Z,ADAUSDT,ws,ws,1,724771522,0.642,8.2,,,,0,1761686146700,1761686146834,,,
2025-10-28T21:15:46.834Z,ADAUSDT,compare,rings/binance_trade_chunk0|ws,2,33590,0.6421,8.2,,,,1761686146795,1761686146700,1761686146834,0.0001,724771522,dt_ms=95
2025-10-28T21:15:46.834Z,ADAUSDT,ws,ws,1,724771523,0.642,7.8,,,,0,1761686146700,1761686146834,,,
2025-10-28T21:15:46.834Z,ADAUSDT,compare,rings/binance_trade_chunk0|ws,2,33590,0.6421,8.2,,,,1761686146795,1761686146700,1761686146834,0.0001,724771523,dt_ms=95
2025-10-28T21:15:46.834Z,ADAUSDT,ws,ws,1,724771524,0.642,8.2,,,,0,1761686146700,1761686146834,,,
2025-10-28T21:15:46.834Z,ADAUSDT,compare,rings/binance_trade_chunk0|ws,2,33590,0.6421,8.2,,,,1761686146795,1761686146700,1761686146834,0.0001,724771524,dt_ms=95
2025-10-28T21:15:46.838Z,ADAUSDT,ws,ws,1,724771525,0.6419,7.8,,,,0,1761686146704,1761686146838,,,
2025-10-28T21:15:46.838Z,ADAUSDT,compare,rings/binance_trade_chunk0|ws,2,33590,0.6421,8.2,,,,1761686146795,1761686146704,1761686146838,0.0002,724771525,dt_ms=91
2025-10-28T21:15:46.838Z,ADAUSDT,ws,ws,1,724771526,0.6419,7.8,,,,0,1761686146704,1761686146838,,,
2025-10-28T21:15:46.838Z,ADAUSDT,compare,rings/binance_trade_chunk0|ws,2,33590,0.6421,8.2,,,,1761686146795,1761686146704,1761686146838,0.0002,724771526,dt_ms=91
2025-10-28T21:15:46.839Z,ADAUSDT,ws,ws,1,724771527,0.6419,7.8,,,,0,1761686146704,1761686146838,,,
2025-10-28T21:15:46.839Z,ADAUSDT,compare,rings/binance_trade_chunk0|ws,2,33590,0.6421,8.2,,,,1761686146795,1761686146704,1761686146839,0.0002,724771527,dt_ms=91
2025-10-28T21:15:46.839Z,ADAUSDT,ws,ws,1,724771528,0.6419,11.7,,,,0,1761686146704,1761686146839,,,
2025-10-28T21:15:46.839Z,ADAUSDT,compare,rings/binance_trade_chunk0|ws,2,33590,0.6421,8.2,,,,1761686146795,1761686146704,1761686146839,0.0002,724771528,dt_ms=91
2025-10-28T21:15:46.839Z,ADAUSDT,ws,ws,1,724771529,0.6419,1369.5,,,,0,1761686146704,1761686146839,,,
2025-10-28T21:15:46.839Z,ADAUSDT,compare,rings/binance_trade_chunk0|ws,2,33590,0.6421,8.2,,,,1761686146795,1761686146704,1761686146839,0.0002,724771529,dt_ms=91
2025-10-28T21:15:46.839Z,ADAUSDT,ws,ws,1,724771530,0.6419,3131.1,,,,0,1761686146704,1761686146839,,,
2025-10-28T21:15:46.839Z,ADAUSDT,compare,rings/binance_trade_chunk0|ws,2,33590,0.6421,8.2,,,,1761686146795,1761686146704,1761686146839,0.0002,724771530,dt_ms=91
2025-10-28T21:15:46.839Z,ADAUSDT,ws,ws,1,724771531,0.6419,3111.6,,,,0,1761686146704,1761686146839,,,
2025-10-28T21:15:46.839Z,ADAUSDT,compare,rings/binance_trade_chunk0|ws,2,33590,0.6421,8.2,,,,1761686146795,1761686146704,1761686146839,0.0002,724771531,dt_ms=91
2025-10-28T21:15:46.839Z,ADAUSDT,ws,ws,1,724771532,0.6419,7.8,,,,0,1761686146704,1761686146839,,,
2025-10-28T21:15:46.839Z,ADAUSDT,compare,rings/binance_trade_chunk0|ws,2,33590,0.6421,8.2,,,,1761686146795,1761686146704,1761686146839,0.0002,724771532,dt_ms=91
2025-10-28T21:15:46.839Z,ADAUSDT,ws,ws,1,724771533,0.6419,7.9,,,,0,1761686146704,1761686146839,,,
2025-10-28T21:15:46.839Z,ADAUSDT,compare,rings/binance_trade_chunk0|ws,2,33590,0.6421,8.2,,,,1761686146795,1761686146704,1761686146839,0.0002,724771533,dt_ms=91
2025-10-28T21:15:46.839Z,ADAUSDT,ws,ws,1,724771534,0.6419,8.2,,,,0,1761686146704,1761686146839,,,
2025-10-28T21:15:46.839Z,ADAUSDT,compare,rings/binance_trade_chunk0|ws,2,33590,0.6421,8.2,,,,1761686146795,1761686146704,1761686146839,0.0002,724771534,dt_ms=91
2025-10-28T21:15:46.839Z,ADAUSDT,mmap,rings/binance_trade_chunk0,1,33711,0.642,7.8,,,,1761686146835,0,1761686146839,,,
2025-10-28T21:15:46.839Z,ADAUSDT,compare,rings/binance_trade_chunk0|ws,2,33711,0.642,7.8,,,,1761686146835,1761686146704,1761686146839,0.0001,724771534,dt_ms=131
2025-10-28T21:15:46.839Z,ADAUSDT,ws,ws,1,724771535,0.6419,8.2,,,,0,1761686146704,1761686146839,,,
2025-10-28T21:15:46.839Z,ADAUSDT,compare,rings/binance_trade_chunk0|ws,2,33711,0.642,7.8,,,,1761686146835,1761686146704,1761686146839,0.0001,724771535,dt_ms=131
2025-10-28T21:15:46.839Z,ADAUSDT,mmap,rings/binance_trade_chunk0,1,33712,0.642,11.7,,,,1761686146835,0,1761686146839,,,
2025-10-28T21:15:46.839Z,ADAUSDT,compare,rings/binance_trade_chunk0|ws,2,33712,0.642,11.7,,,,1761686146835,1761686146704,1761686146839,0.0001,724771535,dt_ms=131
2025-10-28T21:15:46.839Z,ADAUSDT,ws,ws,1,724771536,0.6419,126.8,,,,0,1761686146704,1761686146839,,,
2025-10-28T21:15:46.839Z,ADAUSDT,compare,rings/binance_trade_chunk0|ws,2,33712,0.642,11.7,,,,1761686146835,1761686146704,1761686146839,0.0001,724771536,dt_ms=131
2025-10-28T21:15:46.840Z,ADAUSDT,mmap,rings/binance_trade_chunk0,1,33713,0.642,7.8,,,,1761686146835,0,1761686146839,,,
2025-10-28T21:15:46.840Z,ADAUSDT,compare,rings/binance_trade_chunk0|ws,2,33713,0.642,7.8,,,,1761686146835,1761686146704,1761686146840,0.0001,724771536,dt_ms=131
2025-10-28T21:15:46.840Z,ADAUSDT,ws,ws,1,724771537,0.6419,8.2,,,,0,1761686146704,1761686146840,,,
2025-10-28T21:15:46.840Z,ADAUSDT,compare,rings/binance_trade_chunk0|ws,2,33713,0.642,7.8,,,,1761686146835,1761686146704,1761686146840,0.0001,724771537,dt_ms=131
2025-10-28T21:15:46.840Z,ADAUSDT,mmap,rings/binance_trade_chunk0,1,33714,0.642,8.2,,,,1761686146835,0,1761686146840,,,
2025-10-28T21:15:46.840Z,ADAUSDT,compare,rings/binance_trade_chunk0|ws,2,33714,0.642,8.2,,,,1761686146835,1761686146704,1761686146840,0.0001,724771537,dt_ms=131
2025-10-28T21:15:46.840Z,ADAUSDT,mmap,rings/binance_trade_chunk0,1,33715,0.642,8.2,,,,1761686146835,0,1761686146840,,,
2025-10-28T21:15:46.840Z,ADAUSDT,compare,rings/binance_trade_chunk0|ws,2,33715,0.642,8.2,,,,1761686146835,1761686146704,1761686146840,0.0001,724771537,dt_ms=131
2025-10-28T21:15:46.840Z,ADAUSDT,mmap,rings/binance_trade_chunk0,1,33716,0.642,7.8,,,,1761686146835,0,1761686146840,,,
2025-10-28T21:15:46.840Z,ADAUSDT,compare,rings/binance_trade_chunk0|ws,2,33716,0.642,7.8,,,,1761686146835,1761686146704,1761686146840,0.0001,724771537,dt_ms=131
2025-10-28T21:15:46.840Z,ADAUSDT,mmap,rings/binance_trade_chunk0,1,33717,0.642,8.2,,,,1761686146835,0,1761686146840,,,
2025-10-28T21:15:46.840Z,ADAUSDT,compare,rings/binance_trade_chunk0|ws,2,33717,0.642,8.2,,,,1761686146835,1761686146704,1761686146840,0.0001,724771537,dt_ms=131
2025-10-28T21:15:46.843Z,ADAUSDT,mmap,rings/binance_trade_chunk0,1,33781,0.6419,7.8,,,,1761686146838,0,1761686146843,,,
2025-10-28T21:15:46.843Z,ADAUSDT,compare,rings/binance_trade_chunk0|ws,2,33781,0.6419,7.8,,,,1761686146838,1761686146704,1761686146843,0,724771537,dt_ms=134
2025-10-28T21:15:46.843Z,ADAUSDT,mmap,rings/binance_trade_chunk0,1,33782,0.6419,7.8,,,,1761686146841,0,1761686146843,,,
2025-10-28T21:15:46.843Z,ADAUSDT,compare,rings/binance_trade_chunk0|ws,2,33782,0.6419,7.8,,,,1761686146841,1761686146704,1761686146843,0,724771537,dt_ms=137
2025-10-28T21:15:46.843Z,ADAUSDT,mmap,rings/binance_trade_chunk0,1,33783,0.6419,7.8,,,,1761686146841,0,1761686146843,,,
2025-10-28T21:15:46.843Z,ADAUSDT,compare,rings/binance_trade_chunk0|ws,2,33783,0.6419,7.8,,,,1761686146841,1761686146704,1761686146843,0,724771537,dt_ms=137
2025-10-28T21:15:46.843Z,ADAUSDT,mmap,rings/binance_trade_chunk0,1,33784,0.6419,11.7,,,,1761686146841,0,1761686146843,,,
2025-10-28T21:15:46.843Z,ADAUSDT,compare,rings/binance_trade_chunk0|ws,2,33784,0.6419,11.7,,,,1761686146841,1761686146704,1761686146843,0,724771537,dt_ms=137
2025-10-28T21:15:46.843Z,ADAUSDT,mmap,rings/binance_trade_chunk0,1,33785,0.6419,1369.5,,,,1761686146841,0,1761686146843,,,
2025-10-28T21:15:46.843Z,ADAUSDT,compare,rings/binance_trade_chunk0|ws,2,33785,0.6419,1369.5,,,,1761686146841,1761686146704,1761686146843,0,724771537,dt_ms=137
2025-10-28T21:15:46.843Z,ADAUSDT,mmap,rings/binance_trade_chunk0,1,33786,0.6419,3131.1,,,,1761686146841,0,1761686146843,,,
2025-10-28T21:15:46.843Z,ADAUSDT,compare,rings/binance_trade_chunk0|ws,2,33786,0.6419,3131.1,,,,1761686146841,1761686146704,1761686146843,0,724771537,dt_ms=137
2025-10-28T21:15:46.843Z,ADAUSDT,mmap,rings/binance_trade_chunk0,1,33787,0.6419,3111.6,,,,1761686146841,0,1761686146843,,,
2025-10-28T21:15:46.843Z,ADAUSDT,compare,rings/binance_trade_chunk0|ws,2,33787,0.6419,3111.6,,,,1761686146841,1761686146704,1761686146843,0,724771537,dt_ms=137
2025-10-28T21:15:46.843Z,ADAUSDT,mmap,rings/binance_trade_chunk0,1,33788,0.6419,7.8,,,,1761686146841,0,1761686146843,,,
2025-10-28T21:15:46.843Z,ADAUSDT,compare,rings/binance_trade_chunk0|ws,2,33788,0.6419,7.8,,,,1761686146841,1761686146704,1761686146843,0,724771537,dt_ms=137
2025-10-28T21:15:46.844Z,ADAUSDT,mmap,rings/binance_trade_chunk0,1,33789,0.6419,7.9,,,,1761686146841,0,1761686146843,,,
2025-10-28T21:15:46.844Z,ADAUSDT,compare,rings/binance_trade_chunk0|ws,2,33789,0.6419,7.9,,,,1761686146841,1761686146704,1761686146844,0,724771537,dt_ms=137
2025-10-28T21:15:46.844Z,ADAUSDT,mmap,rings/binance_trade_chunk0,1,33790,0.6419,8.2,,,,1761686146841,0,1761686146844,,,
2025-10-28T21:15:46.844Z,ADAUSDT,compare,rings/binance_trade_chunk0|ws,2,33790,0.6419,8.2,,,,1761686146841,1761686146704,1761686146844,0,724771537,dt_ms=137
2025-10-28T21:15:46.844Z,ADAUSDT,mmap,rings/binance_trade_chunk0,1,33791,0.6419,8.2,,,,1761686146841,0,1761686146844,,,
2025-10-28T21:15:46.844Z,ADAUSDT,compare,rings/binance_trade_chunk0|ws,2,33791,0.6419,8.2,,,,1761686146841,1761686146704,1761686146844,0,724771537,dt_ms=137
2025-10-28T21:15:46.844Z,ADAUSDT,mmap,rings/binance_trade_chunk0,1,33792,0.6419,126.8,,,,1761686146841,0,1761686146844,,,
2025-10-28T21:15:46.844Z,ADAUSDT,compare,rings/binance_trade_chunk0|ws,2,33792,0.6419,126.8,,,,1761686146841,1761686146704,1761686146844,0,724771537,dt_ms=137
2025-10-28T21:15:46.844Z,ADAUSDT,mmap,rings/binance_trade_chunk0,1,33793,0.6419,8.2,,,,1761686146841,0,1761686146844,,,
2025-10-28T21:15:46.844Z,ADAUSDT,compare,rings/binance_trade_chunk0|ws,2,33793,0.6419,8.2,,,,1761686146841,1761686146704,1761686146844,0,724771537,dt_ms=137
2025-10-28T21:15:46.933Z,ADAUSDT,mmap,rings/binance_trade_chunk0,1,33711,0.642,7.8,,,,1761686146835,0,1761686146933,,,
2025-10-28T21:15:46.933Z,ADAUSDT,compare,rings/binance_trade_chunk0|ws,2,33711,0.642,7.8,,,,1761686146835,1761686146704,1761686146933,0.0001,724771537,dt_ms=131
2025-10-28T21:15:46.933Z,ADAUSDT,mmap,rings/binance_trade_chunk0,1,33712,0.642,11.7,,,,1761686146835,0,1761686146933,,,
2025-10-28T21:15:46.933Z,ADAUSDT,compare,rings/binance_trade_chunk0|ws,2,33712,0.642,11.7,,,,1761686146835,1761686146704,1761686146933,0.0001,724771537,dt_ms=131
2025-10-28T21:15:46.933Z,ADAUSDT,mmap,rings/binance_trade_chunk0,1,33713,0.642,7.8,,,,1761686146835,0,1761686146933,,,
2025-10-28T21:15:46.933Z,ADAUSDT,compare,rings/binance_trade_chunk0|ws,2,33713,0.642,7.8,,,,1761686146835,1761686146704,1761686146933,0.0001,724771537,dt_ms=131
2025-10-28T21:15:46.933Z,ADAUSDT,mmap,rings/binance_trade_chunk0,1,33714,0.642,8.2,,,,1761686146835,0,1761686146933,,,
2025-10-28T21:15:46.933Z,ADAUSDT,compare,rings/binance_trade_chunk0|ws,2,33714,0.642,8.2,,,,1761686146835,1761686146704,1761686146933,0.0001,724771537,dt_ms=131
2025-10-28T21:15:46.933Z,ADAUSDT,mmap,rings/binance_trade_chunk0,1,33715,0.642,8.2,,,,1761686146835,0,1761686146933,,,
2025-10-28T21:15:46.933Z,ADAUSDT,compare,rings/binance_trade_chunk0|ws,2,33715,0.642,8.2,,,,1761686146835,1761686146704,1761686146933,0.0001,724771537,dt_ms=131
2025-10-28T21:15:46.933Z,ADAUSDT,mmap,rings/binance_trade_chunk0,1,33716,0.642,7.8,,,,1761686146835,0,1761686146933,,,
2025-10-28T21:15:46.933Z,ADAUSDT,compare,rings/binance_trade_chunk0|ws,2,33716,0.642,7.8,,,,1761686146835,1761686146704,1761686146933,0.0001,724771537,dt_ms=131
2025-10-28T21:15:46.933Z,ADAUSDT,mmap,rings/binance_trade_chunk0,1,33717,0.642,8.2,,,,1761686146835,0,1761686146933,,,
2025-10-28T21:15:46.933Z,ADAUSDT,compare,rings/binance_trade_chunk0|ws,2,33717,0.642,8.2,,,,1761686146835,1761686146704,1761686146933,0.0001,724771537,dt_ms=131
2025-10-28T21:15:46.937Z,ADAUSDT,mmap,rings/binance_trade_chunk0,1,33781,0.6419,7.8,,,,1761686146838,0,1761686146937,,,
2025-10-28T21:15:46.937Z,ADAUSDT,compare,rings/binance_trade_chunk0|ws,2,33781,0.6419,7.8,,,,1761686146838,1761686146704,1761686146937,0,724771537,dt_ms=134
2025-10-28T21:15:46.937Z,ADAUSDT,mmap,rings/binance_trade_chunk0,1,33782,0.6419,7.8,,,,1761686146841,0,1761686146937,,,
2025-10-28T21:15:46.937Z,ADAUSDT,compare,rings/binance_trade_chunk0|ws,2,33782,0.6419,7.8,,,,1761686146841,1761686146704,1761686146937,0,724771537,dt_ms=137
2025-10-28T21:15:46.937Z,ADAUSDT,mmap,rings/binance_trade_chunk0,1,33783,0.6419,7.8,,,,1761686146841,0,1761686146937,,,
2025-10-28T21:15:46.937Z,ADAUSDT,compare,rings/binance_trade_chunk0|ws,2,33783,0.6419,7.8,,,,1761686146841,1761686146704,1761686146937,0,724771537,dt_ms=137
2025-10-28T21:15:46.938Z,ADAUSDT,mmap,rings/binance_trade_chunk0,1,33784,0.6419,11.7,,,,1761686146841,0,1761686146938,,,
2025-10-28T21:15:46.938Z,ADAUSDT,compare,rings/binance_trade_chunk0|ws,2,33784,0.6419,11.7,,,,1761686146841,1761686146704,1761686146938,0,724771537,dt_ms=137
2025-10-28T21:15:46.938Z,ADAUSDT,mmap,rings/binance_trade_chunk0,1,33785,0.6419,1369.5,,,,1761686146841,0,1761686146938,,,
2025-10-28T21:15:46.938Z,ADAUSDT,compare,rings/binance_trade_chunk0|ws,2,33785,0.6419,1369.5,,,,1761686146841,1761686146704,1761686146938,0,724771537,dt_ms=137
2025-10-28T21:15:46.938Z,ADAUSDT,mmap,rings/binance_trade_chunk0,1,33786,0.6419,3131.1,,,,1761686146841,0,1761686146938,,,
2025-10-28T21:15:46.938Z,ADAUSDT,compare,rings/binance_trade_chunk0|ws,2,33786,0.6419,3131.1,,,,1761686146841,1761686146704,1761686146938,0,724771537,dt_ms=137
2025-10-28T21:15:46.938Z,ADAUSDT,mmap,rings/binance_trade_chunk0,1,33787,0.6419,3111.6,,,,1761686146841,0,1761686146938,,,
2025-10-28T21:15:46.938Z,ADAUSDT,compare,rings/binance_trade_chunk0|ws,2,33787,0.6419,3111.6,,,,1761686146841,1761686146704,1761686146938,0,724771537,dt_ms=137
2025-10-28T21:15:46.938Z,ADAUSDT,mmap,rings/binance_trade_chunk0,1,33788,0.6419,7.8,,,,1761686146841,0,1761686146938,,,
2025-10-28T21:15:46.938Z,ADAUSDT,compare,rings/binance_trade_chunk0|ws,2,33788,0.6419,7.8,,,,1761686146841,1761686146704,1761686146938,0,724771537,dt_ms=137
2025-10-28T21:15:46.938Z,ADAUSDT,mmap,rings/binance_trade_chunk0,1,33789,0.6419,7.9,,,,1761686146841,0,1761686146938,,,
2025-10-28T21:15:46.938Z,ADAUSDT,compare,rings/binance_trade_chunk0|ws,2,33789,0.6419,7.9,,,,1761686146841,1761686146704,1761686146938,0,724771537,dt_ms=137
2025-10-28T21:15:46.938Z,ADAUSDT,mmap,rings/binance_trade_chunk0,1,33790,0.6419,8.2,,,,1761686146841,0,1761686146938,,,
2025-10-28T21:15:46.938Z,ADAUSDT,compare,rings/binance_trade_chunk0|ws,2,33790,0.6419,8.2,,,,1761686146841,1761686146704,1761686146938,0,724771537,dt_ms=137
2025-10-28T21:15:46.938Z,ADAUSDT,mmap,rings/binance_trade_chunk0,1,33791,0.6419,8.2,,,,1761686146841,0,1761686146938,,,
2025-10-28T21:15:46.938Z,ADAUSDT,compare,rings/binance_trade_chunk0|ws,2,33791,0.6419,8.2,,,,1761686146841,1761686146704,1761686146938,0,724771537,dt_ms=137
2025-10-28T21:15:46.938Z,ADAUSDT,mmap,rings/binance_trade_chunk0,1,33792,0.6419,126.8,,,,1761686146841,0,1761686146938,,,
2025-10-28T21:15:46.938Z,ADAUSDT,compare,rings/binance_trade_chunk0|ws,2,33792,0.6419,126.8,,,,1761686146841,1761686146704,1761686146938,0,724771537,dt_ms=137
2025-10-28T21:15:46.938Z,ADAUSDT,mmap,rings/binance_trade_chunk0,1,33793,0.6419,8.2,,,,1761686146841,0,1761686146938,,,
2025-10-28T21:15:46.938Z,ADAUSDT,compare,rings/binance_trade_chunk0|ws,2,33793,0.6419,8.2,,,,1761686146841,1761686146704,1761686146938,0,724771537,dt_ms=137
2025-10-28T21:15:50.426Z,ADAUSDT,ws,ws,1,724771538,0.6418,7.8,,,,0,1761686150273,1761686150426,,,
2025-10-28T21:15:50.426Z,ADAUSDT,ws,ws,1,724771539,0.6418,7.8,,,,0,1761686150273,1761686150426,,,
2025-10-28T21:15:50.426Z,ADAUSDT,ws,ws,1,724771540,0.6418,8.2,,,,0,1761686150273,1761686150426,,,
2025-10-28T21:15:50.426Z,ADAUSDT,ws,ws,1,724771541,0.6418,8.2,,,,0,1761686150273,1761686150426,,,
2025-10-28T21:15:50.426Z,ADAUSDT,ws,ws,1,724771542,0.6418,88.3,,,,0,1761686150273,1761686150426,,,
2025-10-28T21:15:50.462Z,ADAUSDT,mmap,rings/binance_trade_chunk0,1,34998,0.6418,7.8,,,,1761686150425,0,1761686150462,,,
2025-10-28T21:15:50.462Z,ADAUSDT,compare,rings/binance_trade_chunk0|ws,2,34998,0.6418,7.8,,,,1761686150425,1761686150273,1761686150462,0,724771542,dt_ms=152
2025-10-28T21:15:50.462Z,ADAUSDT,mmap,rings/binance_trade_chunk0,1,34999,0.6418,7.8,,,,1761686150426,0,1761686150462,,,
2025-10-28T21:15:50.462Z,ADAUSDT,compare,rings/binance_trade_chunk0|ws,2,34999,0.6418,7.8,,,,1761686150426,1761686150273,1761686150462,0,724771542,dt_ms=153
2025-10-28T21:15:50.462Z,ADAUSDT,mmap,rings/binance_trade_chunk0,1,35000,0.6418,8.2,,,,1761686150426,0,1761686150462,,,
2025-10-28T21:15:50.462Z,ADAUSDT,compare,rings/binance_trade_chunk0|ws,2,35000,0.6418,8.2,,,,1761686150426,1761686150273,1761686150462,0,724771542,dt_ms=153
2025-10-28T21:15:50.462Z,ADAUSDT,mmap,rings/binance_trade_chunk0,1,35001,0.6418,8.2,,,,1761686150426,0,1761686150462,,,
2025-10-28T21:15:50.462Z,ADAUSDT,compare,rings/binance_trade_chunk0|ws,2,35001,0.6418,8.2,,,,1761686150426,1761686150273,1761686150462,0,724771542,dt_ms=153
2025-10-28T21:15:50.462Z,ADAUSDT,mmap,rings/binance_trade_chunk0,1,35002,0.6418,88.3,,,,1761686150426,0,1761686150462,,,
2025-10-28T21:15:50.462Z,ADAUSDT,compare,rings/binance_trade_chunk0|ws,2,35002,0.6418,88.3,,,,1761686150426,1761686150273,1761686150462,0,724771542,dt_ms=153
2025-10-28T21:15:50.529Z,ADAUSDT,ws,ws,1,724771543,0.6419,8.2,,,,0,1761686150386,1761686150529,,,
2025-10-28T21:15:50.529Z,ADAUSDT,compare,rings/binance_trade_chunk0|ws,2,35002,0.6418,88.3,,,,1761686150426,1761686150386,1761686150529,-0.0001,724771543,dt_ms=40
2025-10-28T21:15:50.529Z,ADAUSDT,ws,ws,1,724771544,0.6419,8.2,,,,0,1761686150386,1761686150529,,,
2025-10-28T21:15:50.529Z,ADAUSDT,compare,rings/binance_trade_chunk0|ws,2,35002,0.6418,88.3,,,,1761686150426,1761686150386,1761686150529,-0.0001,724771544,dt_ms=40
2025-10-28T21:15:50.529Z,ADAUSDT,ws,ws,1,724771545,0.6419,117.2,,,,0,1761686150386,1761686150529,,,
2025-10-28T21:15:50.529Z,ADAUSDT,compare,rings/binance_trade_chunk0|ws,2,35002,0.6418,88.3,,,,1761686150426,1761686150386,1761686150529,-0.0001,724771545,dt_ms=40
2025-10-28T21:15:50.529Z,ADAUSDT,ws,ws,1,724771546,0.6419,2238.1,,,,0,1761686150386,1761686150529,,,
2025-10-28T21:15:50.529Z,ADAUSDT,compare,rings/binance_trade_chunk0|ws,2,35002,0.6418,88.3,,,,1761686150426,1761686150386,1761686150529,-0.0001,724771546,dt_ms=40
2025-10-28T21:15:50.566Z,ADAUSDT,mmap,rings/binance_trade_chunk0,1,35018,0.6419,8.2,,,,1761686150529,0,1761686150566,,,
2025-10-28T21:15:50.567Z,ADAUSDT,compare,rings/binance_trade_chunk0|ws,2,35018,0.6419,8.2,,,,1761686150529,1761686150386,1761686150567,0,724771546,dt_ms=143
2025-10-28T21:15:50.567Z,ADAUSDT,mmap,rings/binance_trade_chunk0,1,35019,0.6419,8.2,,,,1761686150529,0,1761686150567,,,
2025-10-28T21:15:50.567Z,ADAUSDT,compare,rings/binance_trade_chunk0|ws,2,35019,0.6419,8.2,,,,1761686150529,1761686150386,1761686150567,0,724771546,dt_ms=143
2025-10-28T21:15:50.567Z,ADAUSDT,mmap,rings/binance_trade_chunk0,1,35020,0.6419,117.2,,,,1761686150529,0,1761686150567,,,
2025-10-28T21:15:50.567Z,ADAUSDT,compare,rings/binance_trade_chunk0|ws,2,35020,0.6419,117.2,,,,1761686150529,1761686150386,1761686150567,0,724771546,dt_ms=143
2025-10-28T21:15:50.567Z,ADAUSDT,mmap,rings/binance_trade_chunk0,1,35021,0.6419,2238.1,,,,1761686150529,0,1761686150567,,,
2025-10-28T21:15:50.567Z,ADAUSDT,compare,rings/binance_trade_chunk0|ws,2,35021,0.6419,2238.1,,,,1761686150529,1761686150386,1761686150567,0,724771546,dt_ms=143
2025-10-28T21:15:51.310Z,ADAUSDT,ws,ws,1,724771547,0.6418,20.1,,,,0,1761686151175,1761686151310,,,
2025-10-28T21:15:51.310Z,ADAUSDT,ws,ws,1,724771548,0.6418,8.2,,,,0,1761686151175,1761686151310,,,
2025-10-28T21:15:51.310Z,ADAUSDT,ws,ws,1,724771549,0.6418,8.2,,,,0,1761686151175,1761686151310,,,
2025-10-28T21:15:51.310Z,ADAUSDT,ws,ws,1,724771550,0.6418,7.8,,,,0,1761686151175,1761686151310,,,
2025-10-28T21:15:51.322Z,ADAUSDT,mmap,rings/binance_trade_chunk0,1,35733,0.6418,20.1,,,,1761686151312,0,1761686151322,,,
2025-10-28T21:15:51.322Z,ADAUSDT,compare,rings/binance_trade_chunk0|ws,2,35733,0.6418,20.1,,,,1761686151312,1761686151175,1761686151322,0,724771550,dt_ms=137
2025-10-28T21:15:51.322Z,ADAUSDT,mmap,rings/binance_trade_chunk0,1,35734,0.6418,8.2,,,,1761686151312,0,1761686151322,,,
2025-10-28T21:15:51.322Z,ADAUSDT,compare,rings/binance_trade_chunk0|ws,2,35734,0.6418,8.2,,,,1761686151312,1761686151175,1761686151322,0,724771550,dt_ms=137
2025-10-28T21:15:51.323Z,ADAUSDT,mmap,rings/binance_trade_chunk0,1,35735,0.6418,8.2,,,,1761686151312,0,1761686151322,,,
2025-10-28T21:15:51.323Z,ADAUSDT,compare,rings/binance_trade_chunk0|ws,2,35735,0.6418,8.2,,,,1761686151312,1761686151175,1761686151323,0,724771550,dt_ms=137
2025-10-28T21:15:51.323Z,ADAUSDT,mmap,rings/binance_trade_chunk0,1,35736,0.6418,7.8,,,,1761686151313,0,1761686151323,,,
2025-10-28T21:15:51.323Z,ADAUSDT,compare,rings/binance_trade_chunk0|ws,2,35736,0.6418,7.8,,,,1761686151313,1761686151175,1761686151323,0,724771550,dt_ms=138
2025-10-28T21:15:51.329Z,ADAUSDT,ws,ws,1,724771551,0.6418,8.2,,,,0,1761686151196,1761686151329,,,
2025-10-28T21:15:51.329Z,ADAUSDT,compare,rings/binance_trade_chunk0|ws,2,35736,0.6418,7.8,,,,1761686151313,1761686151196,1761686151329,0,724771551,dt_ms=117
2025-10-28T21:15:51.329Z,ADAUSDT,ws,ws,1,724771552,0.6418,8.2,,,,0,1761686151196,1761686151329,,,
2025-10-28T21:15:51.329Z,ADAUSDT,compare,rings/binance_trade_chunk0|ws,2,35736,0.6418,7.8,,,,1761686151313,1761686151196,1761686151329,0,724771552,dt_ms=117
2025-10-28T21:15:51.329Z,ADAUSDT,ws,ws,1,724771553,0.6418,7.8,,,,0,1761686151196,1761686151329,,,
2025-10-28T21:15:51.329Z,ADAUSDT,compare,rings/binance_trade_chunk0|ws,2,35736,0.6418,7.8,,,,1761686151313,1761686151196,1761686151329,0,724771553,dt_ms=117
2025-10-28T21:15:51.382Z,ADAUSDT,mmap,rings/binance_trade_chunk0,1,35733,0.6418,20.1,,,,1761686151312,0,1761686151382,,,
2025-10-28T21:15:51.382Z,ADAUSDT,compare,rings/binance_trade_chunk0|ws,2,35733,0.6418,20.1,,,,1761686151312,1761686151196,1761686151382,0,724771553,dt_ms=116
2025-10-28T21:15:51.382Z,ADAUSDT,mmap,rings/binance_trade_chunk0,1,35734,0.6418,8.2,,,,1761686151312,0,1761686151382,,,
2025-10-28T21:15:51.382Z,ADAUSDT,compare,rings/binance_trade_chunk0|ws,2,35734,0.6418,8.2,,,,1761686151312,1761686151196,1761686151382,0,724771553,dt_ms=116
2025-10-28T21:15:51.382Z,ADAUSDT,mmap,rings/binance_trade_chunk0,1,35735,0.6418,8.2,,,,1761686151312,0,1761686151382,,,
2025-10-28T21:15:51.382Z,ADAUSDT,compare,rings/binance_trade_chunk0|ws,2,35735,0.6418,8.2,,,,1761686151312,1761686151196,1761686151382,0,724771553,dt_ms=116
2025-10-28T21:15:51.383Z,ADAUSDT,mmap,rings/binance_trade_chunk0,1,35736,0.6418,7.8,,,,1761686151313,0,1761686151382,,,
2025-10-28T21:15:51.383Z,ADAUSDT,compare,rings/binance_trade_chunk0|ws,2,35736,0.6418,7.8,,,,1761686151313,1761686151196,1761686151383,0,724771553,dt_ms=117
2025-10-28T21:15:51.384Z,ADAUSDT,mmap,rings/binance_trade_chunk0,1,35760,0.6418,8.2,,,,1761686151334,0,1761686151384,,,
2025-10-28T21:15:51.384Z,ADAUSDT,compare,rings/binance_trade_chunk0|ws,2,35760,0.6418,8.2,,,,1761686151334,1761686151196,1761686151384,0,724771553,dt_ms=138
2025-10-28T21:15:51.384Z,ADAUSDT,mmap,rings/binance_trade_chunk0,1,35761,0.6418,8.2,,,,1761686151334,0,1761686151384,,,
2025-10-28T21:15:51.384Z,ADAUSDT,compare,rings/binance_trade_chunk0|ws,2,35761,0.6418,8.2,,,,1761686151334,1761686151196,1761686151384,0,724771553,dt_ms=138
2025-10-28T21:15:51.384Z,ADAUSDT,mmap,rings/binance_trade_chunk0,1,35762,0.6418,7.8,,,,1761686151334,0,1761686151384,,,
2025-10-28T21:15:51.384Z,ADAUSDT,compare,rings/binance_trade_chunk0|ws,2,35762,0.6418,7.8,,,,1761686151334,1761686151196,1761686151384,0,724771553,dt_ms=138
2025-10-28T21:15:51.387Z,ADAUSDT,ws,ws,1,724771554,0.6418,8.2,,,,0,1761686151255,1761686151387,,,
2025-10-28T21:15:51.387Z,ADAUSDT,compare,rings/binance_trade_chunk0|ws,2,35762,0.6418,7.8,,,,1761686151334,1761686151255,1761686151387,0,724771554,dt_ms=79
2025-10-28T21:15:51.387Z,ADAUSDT,ws,ws,1,724771555,0.6418,8.2,,,,0,1761686151255,1761686151387,,,
2025-10-28T21:15:51.387Z,ADAUSDT,compare,rings/binance_trade_chunk0|ws,2,35762,0.6418,7.8,,,,1761686151334,1761686151255,1761686151387,0,724771555,dt_ms=79
2025-10-28T21:15:51.387Z,ADAUSDT,ws,ws,1,724771556,0.6418,7.8,,,,0,1761686151255,1761686151387,,,
2025-10-28T21:15:51.387Z,ADAUSDT,compare,rings/binance_trade_chunk0|ws,2,35762,0.6418,7.8,,,,1761686151334,1761686151255,1761686151387,0,724771556,dt_ms=79
2025-10-28T21:15:51.389Z,ADAUSDT,mmap,rings/binance_trade_chunk0,1,35906,0.6418,8.2,,,,1761686151388,0,1761686151389,,,
2025-10-28T21:15:51.389Z,ADAUSDT,compare,rings/binance_trade_chunk0|ws,2,35906,0.6418,8.2,,,,1761686151388,1761686151255,1761686151389,0,724771556,dt_ms=133
2025-10-28T21:15:51.389Z,ADAUSDT,mmap,rings/binance_trade_chunk0,1,35907,0.6418,8.2,,,,1761686151388,0,1761686151389,,,
2025-10-28T21:15:51.389Z,ADAUSDT,compare,rings/binance_trade_chunk0|ws,2,35907,0.6418,8.2,,,,1761686151388,1761686151255,1761686151389,0,724771556,dt_ms=133
2025-10-28T21:15:51.389Z,ADAUSDT,mmap,rings/binance_trade_chunk0,1,35908,0.6418,7.8,,,,1761686151388,0,1761686151389,,,
2025-10-28T21:15:51.389Z,ADAUSDT,compare,rings/binance_trade_chunk0|ws,2,35908,0.6418,7.8,,,,1761686151388,1761686151255,1761686151389,0,724771556,dt_ms=133
2025-10-28T21:15:51.400Z,ADAUSDT,ws,ws,1,724771557,0.6418,8.2,,,,0,1761686151267,1761686151400,,,
2025-10-28T21:15:51.400Z,ADAUSDT,compare,rings/binance_trade_chunk0|ws,2,35908,0.6418,7.8,,,,1761686151388,1761686151267,1761686151400,0,724771557,dt_ms=121
2025-10-28T21:15:51.400Z,ADAUSDT,ws,ws,1,724771558,0.6418,8.2,,,,0,1761686151267,1761686151400,,,
2025-10-28T21:15:51.400Z,ADAUSDT,compare,rings/binance_trade_chunk0|ws,2,35908,0.6418,7.8,,,,1761686151388,1761686151267,1761686151400,0,724771558,dt_ms=121
2025-10-28T21:15:51.400Z,ADAUSDT,ws,ws,1,724771559,0.6418,7.8,,,,0,1761686151267,1761686151400,,,
2025-10-28T21:15:51.400Z,ADAUSDT,compare,rings/binance_trade_chunk0|ws,2,35908,0.6418,7.8,,,,1761686151388,1761686151267,1761686151400,0,724771559,dt_ms=121
2025-10-28T21:15:51.443Z,ADAUSDT,mmap,rings/binance_trade_chunk0,1,35906,0.6418,8.2,,,,1761686151388,0,1761686151443,,,
2025-10-28T21:15:51.443Z,ADAUSDT,compare,rings/binance_trade_chunk0|ws,2,35906,0.6418,8.2,,,,1761686151388,1761686151267,1761686151443,0,724771559,dt_ms=121
2025-10-28T21:15:51.443Z,ADAUSDT,mmap,rings/binance_trade_chunk0,1,35907,0.6418,8.2,,,,1761686151388,0,1761686151443,,,
2025-10-28T21:15:51.443Z,ADAUSDT,compare,rings/binance_trade_chunk0|ws,2,35907,0.6418,8.2,,,,1761686151388,1761686151267,1761686151443,0,724771559,dt_ms=121
2025-10-28T21:15:51.443Z,ADAUSDT,mmap,rings/binance_trade_chunk0,1,35908,0.6418,7.8,,,,1761686151388,0,1761686151443,,,
2025-10-28T21:15:51.443Z,ADAUSDT,compare,rings/binance_trade_chunk0|ws,2,35908,0.6418,7.8,,,,1761686151388,1761686151267,1761686151443,0,724771559,dt_ms=121
2025-10-28T21:15:51.444Z,ADAUSDT,mmap,rings/binance_trade_chunk0,1,35917,0.6418,8.2,,,,1761686151401,0,1761686151444,,,
2025-10-28T21:15:51.444Z,ADAUSDT,compare,rings/binance_trade_chunk0|ws,2,35917,0.6418,8.2,,,,1761686151401,1761686151267,1761686151444,0,724771559,dt_ms=134
2025-10-28T21:15:51.444Z,ADAUSDT,mmap,rings/binance_trade_chunk0,1,35918,0.6418,8.2,,,,1761686151401,0,1761686151444,,,
2025-10-28T21:15:51.444Z,ADAUSDT,compare,rings/binance_trade_chunk0|ws,2,35918,0.6418,8.2,,,,1761686151401,1761686151267,1761686151444,0,724771559,dt_ms=134
2025-10-28T21:15:51.444Z,ADAUSDT,mmap,rings/binance_trade_chunk0,1,35919,0.6418,7.8,,,,1761686151401,0,1761686151444,,,
2025-10-28T21:15:51.444Z,ADAUSDT,compare,rings/binance_trade_chunk0|ws,2,35919,0.6418,7.8,,,,1761686151401,1761686151267,1761686151444,0,724771559,dt_ms=134
2025-10-28T21:15:51.481Z,ADAUSDT,ws,ws,1,724771560,0.6418,8.2,,,,0,1761686151348,1761686151481,,,
2025-10-28T21:15:51.481Z,ADAUSDT,compare,rings/binance_trade_chunk0|ws,2,35919,0.6418,7.8,,,,1761686151401,1761686151348,1761686151481,0,724771560,dt_ms=53
2025-10-28T21:15:51.481Z,ADAUSDT,ws,ws,1,724771561,0.6418,8.2,,,,0,1761686151348,1761686151481,,,
2025-10-28T21:15:51.481Z,ADAUSDT,compare,rings/binance_trade_chunk0|ws,2,35919,0.6418,7.8,,,,1761686151401,1761686151348,1761686151481,0,724771561,dt_ms=53
2025-10-28T21:15:51.481Z,ADAUSDT,ws,ws,1,724771562,0.6418,8.2,,,,0,1761686151348,1761686151481,,,
2025-10-28T21:15:51.481Z,ADAUSDT,compare,rings/binance_trade_chunk0|ws,2,35919,0.6418,7.8,,,,1761686151401,1761686151348,1761686151481,0,724771562,dt_ms=53
2025-10-28T21:15:51.481Z,ADAUSDT,ws,ws,1,724771563,0.6417,2092.5,,,,0,1761686151348,1761686151481,,,
2025-10-28T21:15:51.481Z,ADAUSDT,compare,rings/binance_trade_chunk0|ws,2,35919,0.6418,7.8,,,,1761686151401,1761686151348,1761686151481,0.0001,724771563,dt_ms=53
2025-10-28T21:15:51.481Z,ADAUSDT,ws,ws,1,724771564,0.6417,7.8,,,,0,1761686151348,1761686151481,,,
2025-10-28T21:15:51.481Z,ADAUSDT,compare,rings/binance_trade_chunk0|ws,2,35919,0.6418,7.8,,,,1761686151401,1761686151348,1761686151481,0.0001,724771564,dt_ms=53
2025-10-28T21:15:51.481Z,ADAUSDT,ws,ws,1,724771565,0.6417,310.8,,,,0,1761686151348,1761686151481,,,
2025-10-28T21:15:51.482Z,ADAUSDT,compare,rings/binance_trade_chunk0|ws,2,35919,0.6418,7.8,,,,1761686151401,1761686151348,1761686151482,0.0001,724771565,dt_ms=53
2025-10-28T21:15:51.482Z,ADAUSDT,ws,ws,1,724771566,0.6417,7.8,,,,0,1761686151348,1761686151481,,,
2025-10-28T21:15:51.482Z,ADAUSDT,compare,rings/binance_trade_chunk0|ws,2,35919,0.6418,7.8,,,,1761686151401,1761686151348,1761686151482,0.0001,724771566,dt_ms=53
2025-10-28T21:15:51.482Z,ADAUSDT,ws,ws,1,724771567,0.6417,8.6,,,,0,1761686151348,1761686151482,,,
2025-10-28T21:15:51.482Z,ADAUSDT,compare,rings/binance_trade_chunk0|ws,2,35919,0.6418,7.8,,,,1761686151401,1761686151348,1761686151482,0.0001,724771567,dt_ms=53
2025-10-28T21:15:51.482Z,ADAUSDT,ws,ws,1,724771568,0.6417,672.6,,,,0,1761686151348,1761686151482,,,
2025-10-28T21:15:51.482Z,ADAUSDT,compare,rings/binance_trade_chunk0|ws,2,35919,0.6418,7.8,,,,1761686151401,1761686151348,1761686151482,0.0001,724771568,dt_ms=53
2025-10-28T21:15:51.482Z,ADAUSDT,ws,ws,1,724771569,0.6417,7.8,,,,0,1761686151348,1761686151482,,,
2025-10-28T21:15:51.482Z,ADAUSDT,compare,rings/binance_trade_chunk0|ws,2,35919,0.6418,7.8,,,,1761686151401,1761686151348,1761686151482,0.0001,724771569,dt_ms=53
2025-10-28T21:15:51.482Z,ADAUSDT,ws,ws,1,724771570,0.6417,8.2,,,,0,1761686151348,1761686151482,,,
2025-10-28T21:15:51.482Z,ADAUSDT,compare,rings/binance_trade_chunk0|ws,2,35919,0.6418,7.8,,,,1761686151401,1761686151348,1761686151482,0.0001,724771570,dt_ms=53
2025-10-28T21:15:51.482Z,ADAUSDT,ws,ws,1,724771571,0.6417,8.2,,,,0,1761686151348,1761686151482,,,
2025-10-28T21:15:51.482Z,ADAUSDT,compare,rings/binance_trade_chunk0|ws,2,35919,0.6418,7.8,,,,1761686151401,1761686151348,1761686151482,0.0001,724771571,dt_ms=53
2025-10-28T21:15:51.482Z,ADAUSDT,ws,ws,1,724771572,0.6417,11.7,,,,0,1761686151348,1761686151482,,,
2025-10-28T21:15:51.482Z,ADAUSDT,compare,rings/binance_trade_chunk0|ws,2,35919,0.6418,7.8,,,,1761686151401,1761686151348,1761686151482,0.0001,724771572,dt_ms=53
2025-10-28T21:15:51.482Z,ADAUSDT,ws,ws,1,724771573,0.6417,5689.6,,,,0,1761686151348,1761686151482,,,
2025-10-28T21:15:51.482Z,ADAUSDT,compare,rings/binance_trade_chunk0|ws,2,35919,0.6418,7.8,,,,1761686151401,1761686151348,1761686151482,0.0001,724771573,dt_ms=53
2025-10-28T21:15:51.482Z,ADAUSDT,ws,ws,1,724771574,0.6417,1286.7,,,,0,1761686151348,1761686151482,,,
2025-10-28T21:15:51.482Z,ADAUSDT,compare,rings/binance_trade_chunk0|ws,2,35919,0.6418,7.8,,,,1761686151401,1761686151348,1761686151482,0.0001,724771574,dt_ms=53
2025-10-28T21:15:51.482Z,ADAUSDT,ws,ws,1,724771575,0.6417,8.2,,,,0,1761686151348,1761686151482,,,
2025-10-28T21:15:51.482Z,ADAUSDT,compare,rings/binance_trade_chunk0|ws,2,35919,0.6418,7.8,,,,1761686151401,1761686151348,1761686151482,0.0001,724771575,dt_ms=53
2025-10-28T21:15:51.482Z,ADAUSDT,ws,ws,1,724771576,0.6416,2092.5,,,,0,1761686151348,1761686151482,,,
2025-10-28T21:15:51.482Z,ADAUSDT,compare,rings/binance_trade_chunk0|ws,2,35919,0.6418,7.8,,,,1761686151401,1761686151348,1761686151482,0.0002,724771576,dt_ms=53
2025-10-28T21:15:51.482Z,ADAUSDT,ws,ws,1,724771577,0.6416,11.7,,,,0,1761686151348,1761686151482,,,
2025-10-28T21:15:51.482Z,ADAUSDT,compare,rings/binance_trade_chunk0|ws,2,35919,0.6418,7.8,,,,1761686151401,1761686151348,1761686151482,0.0002,724771577,dt_ms=53
2025-10-28T21:15:51.483Z,ADAUSDT,ws,ws,1,724771578,0.6416,7.8,,,,0,1761686151348,1761686151483,,,
2025-10-28T21:15:51.483Z,ADAUSDT,compare,rings/binance_trade_chunk0|ws,2,35919,0.6418,7.8,,,,1761686151401,1761686151348,1761686151483,0.0002,724771578,dt_ms=53
2025-10-28T21:15:51.483Z,ADAUSDT,ws,ws,1,724771579,0.6416,7.9,,,,0,1761686151348,1761686151483,,,
2025-10-28T21:15:51.483Z,ADAUSDT,compare,rings/binance_trade_chunk0|ws,2,35919,0.6418,7.8,,,,1761686151401,1761686151348,1761686151483,0.0002,724771579,dt_ms=53
2025-10-28T21:15:51.483Z,ADAUSDT,ws,ws,1,724771580,0.6416,8.6,,,,0,1761686151348,1761686151483,,,
2025-10-28T21:15:51.483Z,ADAUSDT,compare,rings/binance_trade_chunk0|ws,2,35919,0.6418,7.8,,,,1761686151401,1761686151348,1761686151483,0.0002,724771580,dt_ms=53
2025-10-28T21:15:51.483Z,ADAUSDT,ws,ws,1,724771581,0.6416,7.8,,,,0,1761686151348,1761686151483,,,
2025-10-28T21:15:51.483Z,ADAUSDT,compare,rings/binance_trade_chunk0|ws,2,35919,0.6418,7.8,,,,1761686151401,1761686151348,1761686151483,0.0002,724771581,dt_ms=53
2025-10-28T21:15:51.483Z,ADAUSDT,ws,ws,1,724771582,0.6416,1122,,,,0,1761686151348,1761686151483,,,
2025-10-28T21:15:51.483Z,ADAUSDT,compare,rings/binance_trade_chunk0|ws,2,35919,0.6418,7.8,,,,1761686151401,1761686151348,1761686151483,0.0002,724771582,dt_ms=53
2025-10-28T21:15:51.485Z,ADAUSDT,ws,ws,1,724771583,0.6417,8.2,,,,0,1761686151353,1761686151485,,,
2025-10-28T21:15:51.485Z,ADAUSDT,compare,rings/binance_trade_chunk0|ws,2,35919,0.6418,7.8,,,,1761686151401,1761686151353,1761686151485,0.0001,724771583,dt_ms=48
2025-10-28T21:15:51.486Z,ADAUSDT,ws,ws,1,724771584,0.6417,8.2,,,,0,1761686151353,1761686151485,,,
2025-10-28T21:15:51.486Z,ADAUSDT,compare,rings/binance_trade_chunk0|ws,2,35919,0.6418,7.8,,,,1761686151401,1761686151353,1761686151486,0.0001,724771584,dt_ms=48
2025-10-28T21:15:51.486Z,ADAUSDT,ws,ws,1,724771585,0.6417,307.6,,,,0,1761686151353,1761686151486,,,
2025-10-28T21:15:51.486Z,ADAUSDT,compare,rings/binance_trade_chunk0|ws,2,35919,0.6418,7.8,,,,1761686151401,1761686151353,1761686151486,0.0001,724771585,dt_ms=48
2025-10-28T21:15:51.763Z,ADAUSDT,mmap,rings/binance_trade_chunk0,1,35950,0.6418,8.2,,,,1761686151716,0,1761686151763,,,
2025-10-28T21:15:51.763Z,ADAUSDT,compare,rings/binance_trade_chunk0|ws,2,35950,0.6418,8.2,,,,1761686151716,1761686151353,1761686151763,0.0001,724771585,dt_ms=363
2025-10-28T21:15:51.763Z,ADAUSDT,mmap,rings/binance_trade_chunk0,1,35951,0.6418,8.2,,,,1761686151716,0,1761686151763,,,
2025-10-28T21:15:51.763Z,ADAUSDT,compare,rings/binance_trade_chunk0|ws,2,35951,0.6418,8.2,,,,1761686151716,1761686151353,1761686151763,0.0001,724771585,dt_ms=363
2025-10-28T21:15:51.763Z,ADAUSDT,mmap,rings/binance_trade_chunk0,1,35952,0.6418,8.2,,,,1761686151716,0,1761686151763,,,
2025-10-28T21:15:51.763Z,ADAUSDT,compare,rings/binance_trade_chunk0|ws,2,35952,0.6418,8.2,,,,1761686151716,1761686151353,1761686151763,0.0001,724771585,dt_ms=363
2025-10-28T21:15:51.763Z,ADAUSDT,mmap,rings/binance_trade_chunk0,1,35953,0.6417,2092.5,,,,1761686151716,0,1761686151763,,,
2025-10-28T21:15:51.763Z,ADAUSDT,compare,rings/binance_trade_chunk0|ws,2,35953,0.6417,2092.5,,,,1761686151716,1761686151353,1761686151763,0,724771585,dt_ms=363
2025-10-28T21:15:51.763Z,ADAUSDT,mmap,rings/binance_trade_chunk0,1,35954,0.6417,7.8,,,,1761686151716,0,1761686151763,,,
2025-10-28T21:15:51.763Z,ADAUSDT,compare,rings/binance_trade_chunk0|ws,2,35954,0.6417,7.8,,,,1761686151716,1761686151353,1761686151763,0,724771585,dt_ms=363
2025-10-28T21:15:51.763Z,ADAUSDT,mmap,rings/binance_trade_chunk0,1,35955,0.6417,310.8,,,,1761686151716,0,1761686151763,,,
2025-10-28T21:15:51.763Z,ADAUSDT,compare,rings/binance_trade_chunk0|ws,2,35955,0.6417,310.8,,,,1761686151716,1761686151353,1761686151763,0,724771585,dt_ms=363
2025-10-28T21:15:51.763Z,ADAUSDT,mmap,rings/binance_trade_chunk0,1,35956,0.6417,7.8,,,,1761686151716,0,1761686151763,,,
2025-10-28T21:15:51.763Z,ADAUSDT,compare,rings/binance_trade_chunk0|ws,2,35956,0.6417,7.8,,,,1761686151716,1761686151353,1761686151763,0,724771585,dt_ms=363
2025-10-28T21:15:51.763Z,ADAUSDT,mmap,rings/binance_trade_chunk0,1,35957,0.6417,8.6,,,,1761686151716,0,1761686151763,,,
2025-10-28T21:15:51.763Z,ADAUSDT,compare,rings/binance_trade_chunk0|ws,2,35957,0.6417,8.6,,,,1761686151716,1761686151353,1761686151763,0,724771585,dt_ms=363
2025-10-28T21:15:51.763Z,ADAUSDT,mmap,rings/binance_trade_chunk0,1,35958,0.6417,672.6,,,,1761686151716,0,1761686151763,,,
2025-10-28T21:15:51.763Z,ADAUSDT,compare,rings/binance_trade_chunk0|ws,2,35958,0.6417,672.6,,,,1761686151716,1761686151353,1761686151763,0,724771585,dt_ms=363
2025-10-28T21:15:51.763Z,ADAUSDT,mmap,rings/binance_trade_chunk0,1,35959,0.6417,7.8,,,,1761686151716,0,1761686151763,,,
2025-10-28T21:15:51.763Z,ADAUSDT,compare,rings/binance_trade_chunk0|ws,2,35959,0.6417,7.8,,,,1761686151716,1761686151353,1761686151763,0,724771585,dt_ms=363
2025-10-28T21:15:51.764Z,ADAUSDT,mmap,rings/binance_trade_chunk0,1,35960,0.6417,8.2,,,,1761686151716,0,1761686151764,,,
2025-10-28T21:15:51.764Z,ADAUSDT,compare,rings/binance_trade_chunk0|ws,2,35960,0.6417,8.2,,,,1761686151716,1761686151353,1761686151764,0,724771585,dt_ms=363
2025-10-28T21:15:51.764Z,ADAUSDT,mmap,rings/binance_trade_chunk0,1,35961,0.6417,8.2,,,,1761686151716,0,1761686151764,,,
2025-10-28T21:15:51.764Z,ADAUSDT,compare,rings/binance_trade_chunk0|ws,2,35961,0.6417,8.2,,,,1761686151716,1761686151353,1761686151764,0,724771585,dt_ms=363
2025-10-28T21:15:51.764Z,ADAUSDT,mmap,rings/binance_trade_chunk0,1,35962,0.6417,11.7,,,,1761686151716,0,1761686151764,,,
2025-10-28T21:15:51.764Z,ADAUSDT,compare,rings/binance_trade_chunk0|ws,2,35962,0.6417,11.7,,,,1761686151716,1761686151353,1761686151764,0,724771585,dt_ms=363
2025-10-28T21:15:51.764Z,ADAUSDT,mmap,rings/binance_trade_chunk0,1,35963,0.6417,5689.6,,,,1761686151716,0,1761686151764,,,
2025-10-28T21:15:51.764Z,ADAUSDT,compare,rings/binance_trade_chunk0|ws,2,35963,0.6417,5689.6,,,,1761686151716,1761686151353,1761686151764,0,724771585,dt_ms=363
2025-10-28T21:15:51.764Z,ADAUSDT,mmap,rings/binance_trade_chunk0,1,35964,0.6417,1286.7,,,,1761686151716,0,1761686151764,,,
2025-10-28T21:15:51.764Z,ADAUSDT,compare,rings/binance_trade_chunk0|ws,2,35964,0.6417,1286.7,,,,1761686151716,1761686151353,1761686151764,0,724771585,dt_ms=363
2025-10-28T21:15:51.764Z,ADAUSDT,mmap,rings/binance_trade_chunk0,1,35965,0.6417,8.2,,,,1761686151716,0,1761686151764,,,
2025-10-28T21:15:51.764Z,ADAUSDT,compare,rings/binance_trade_chunk0|ws,2,35965,0.6417,8.2,,,,1761686151716,1761686151353,1761686151764,0,724771585,dt_ms=363
2025-10-28T21:15:51.764Z,ADAUSDT,mmap,rings/binance_trade_chunk0,1,35966,0.6416,2092.5,,,,1761686151716,0,1761686151764,,,
2025-10-28T21:15:51.764Z,ADAUSDT,compare,rings/binance_trade_chunk0|ws,2,35966,0.6416,2092.5,,,,1761686151716,1761686151353,1761686151764,-0.0001,724771585,dt_ms=363
2025-10-28T21:15:51.764Z,ADAUSDT,mmap,rings/binance_trade_chunk0,1,35967,0.6416,11.7,,,,1761686151716,0,1761686151764,,,
2025-10-28T21:15:51.764Z,ADAUSDT,compare,rings/binance_trade_chunk0|ws,2,35967,0.6416,11.7,,,,1761686151716,1761686151353,1761686151764,-0.0001,724771585,dt_ms=363
2025-10-28T21:15:51.764Z,ADAUSDT,mmap,rings/binance_trade_chunk0,1,35968,0.6416,7.8,,,,1761686151716,0,1761686151764,,,
2025-10-28T21:15:51.764Z,ADAUSDT,compare,rings/binance_trade_chunk0|ws,2,35968,0.6416,7.8,,,,1761686151716,1761686151353,1761686151764,-0.0001,724771585,dt_ms=363
2025-10-28T21:15:51.764Z,ADAUSDT,mmap,rings/binance_trade_chunk0,1,35969,0.6416,7.9,,,,1761686151716,0,1761686151764,,,
2025-10-28T21:15:51.764Z,ADAUSDT,compare,rings/binance_trade_chunk0|ws,2,35969,0.6416,7.9,,,,1761686151716,1761686151353,1761686151764,-0.0001,724771585,dt_ms=363
2025-10-28T21:15:51.764Z,ADAUSDT,mmap,rings/binance_trade_chunk0,1,35970,0.6416,8.6,,,,1761686151716,0,1761686151764,,,
2025-10-28T21:15:51.764Z,ADAUSDT,compare,rings/binance_trade_chunk0|ws,2,35970,0.6416,8.6,,,,1761686151716,1761686151353,1761686151764,-0.0001,724771585,dt_ms=363
2025-10-28T21:15:51.764Z,ADAUSDT,mmap,rings/binance_trade_chunk0,1,35971,0.6416,7.8,,,,1761686151716,0,1761686151764,,,
2025-10-28T21:15:51.764Z,ADAUSDT,compare,rings/binance_trade_chunk0|ws,2,35971,0.6416,7.8,,,,1761686151716,1761686151353,1761686151764,-0.0001,724771585,dt_ms=363
2025-10-28T21:15:51.764Z,ADAUSDT,mmap,rings/binance_trade_chunk0,1,35972,0.6416,1122,,,,1761686151716,0,1761686151764,,,
2025-10-28T21:15:51.764Z,ADAUSDT,compare,rings/binance_trade_chunk0|ws,2,35972,0.6416,1122,,,,1761686151716,1761686151353,1761686151764,-0.0001,724771585,dt_ms=363
2025-10-28T21:15:51.764Z,ADAUSDT,mmap,rings/binance_trade_chunk0,1,35974,0.6417,8.2,,,,1761686151716,0,1761686151764,,,
2025-10-28T21:15:51.765Z,ADAUSDT,compare,rings/binance_trade_chunk0|ws,2,35974,0.6417,8.2,,,,1761686151716,1761686151353,1761686151765,0,724771585,dt_ms=363
2025-10-28T21:15:51.765Z,ADAUSDT,mmap,rings/binance_trade_chunk0,1,35975,0.6417,8.2,,,,1761686151716,0,1761686151765,,,
2025-10-28T21:15:51.765Z,ADAUSDT,compare,rings/binance_trade_chunk0|ws,2,35975,0.6417,8.2,,,,1761686151716,1761686151353,1761686151765,0,724771585,dt_ms=363
2025-10-28T21:15:51.765Z,ADAUSDT,mmap,rings/binance_trade_chunk0,1,35976,0.6417,307.6,,,,1761686151716,0,1761686151765,,,
2025-10-28T21:15:51.765Z,ADAUSDT,compare,rings/binance_trade_chunk0|ws,2,35976,0.6417,307.6,,,,1761686151716,1761686151353,1761686151765,0,724771585,dt_ms=363
2025-10-28T21:15:58.482Z,ADAUSDT,ws,ws,1,724771586,0.6416,8.2,,,,0,1761686158347,1761686158482,,,
2025-10-28T21:15:58.482Z,ADAUSDT,ws,ws,1,724771587,0.6416,8.2,,,,0,1761686158347,1761686158482,,,
2025-10-28T21:15:58.482Z,ADAUSDT,ws,ws,1,724771588,0.6416,12.3,,,,0,1761686158347,1761686158482,,,
2025-10-28T21:15:58.482Z,ADAUSDT,ws,ws,1,724771589,0.6416,7.8,,,,0,1761686158347,1761686158482,,,
2025-10-28T21:15:58.482Z,ADAUSDT,ws,ws,1,724771590,0.6416,2092.5,,,,0,1761686158347,1761686158482,,,
2025-10-28T21:15:58.483Z,ADAUSDT,ws,ws,1,724771591,0.6416,14.6,,,,0,1761686158347,1761686158483,,,
2025-10-28T21:15:58.483Z,ADAUSDT,ws,ws,1,724771592,0.6416,4679,,,,0,1761686158347,1761686158483,,,
2025-10-28T21:15:58.483Z,ADAUSDT,ws,ws,1,724771593,0.6416,8.2,,,,0,1761686158347,1761686158483,,,
2025-10-28T21:15:58.518Z,ADAUSDT,mmap,rings/binance_trade_chunk0,1,37140,0.6416,8.2,,,,1761686158484,0,1761686158518,,,
2025-10-28T21:15:58.518Z,ADAUSDT,compare,rings/binance_trade_chunk0|ws,2,37140,0.6416,8.2,,,,1761686158484,1761686158347,1761686158518,0,724771593,dt_ms=137
2025-10-28T21:15:58.518Z,ADAUSDT,mmap,rings/binance_trade_chunk0,1,37141,0.6416,8.2,,,,1761686158484,0,1761686158518,,,
2025-10-28T21:15:58.518Z,ADAUSDT,compare,rings/binance_trade_chunk0|ws,2,37141,0.6416,8.2,,,,1761686158484,1761686158347,1761686158518,0,724771593,dt_ms=137
2025-10-28T21:15:58.518Z,ADAUSDT,mmap,rings/binance_trade_chunk0,1,37142,0.6416,12.3,,,,1761686158484,0,1761686158518,,,
2025-10-28T21:15:58.518Z,ADAUSDT,compare,rings/binance_trade_chunk0|ws,2,37142,0.6416,12.3,,,,1761686158484,1761686158347,1761686158518,0,724771593,dt_ms=137
2025-10-28T21:15:58.518Z,ADAUSDT,mmap,rings/binance_trade_chunk0,1,37143,0.6416,7.8,,,,1761686158484,0,1761686158518,,,
2025-10-28T21:15:58.518Z,ADAUSDT,compare,rings/binance_trade_chunk0|ws,2,37143,0.6416,7.8,,,,1761686158484,1761686158347,1761686158518,0,724771593,dt_ms=137
2025-10-28T21:15:58.518Z,ADAUSDT,mmap,rings/binance_trade_chunk0,1,37144,0.6416,2092.5,,,,1761686158485,0,1761686158518,,,
2025-10-28T21:15:58.518Z,ADAUSDT,compare,rings/binance_trade_chunk0|ws,2,37144,0.6416,2092.5,,,,1761686158485,1761686158347,1761686158518,0,724771593,dt_ms=138
2025-10-28T21:15:58.519Z,ADAUSDT,mmap,rings/binance_trade_chunk0,1,37145,0.6416,14.6,,,,1761686158485,0,1761686158519,,,
2025-10-28T21:15:58.519Z,ADAUSDT,compare,rings/binance_trade_chunk0|ws,2,37145,0.6416,14.6,,,,1761686158485,1761686158347,1761686158519,0,724771593,dt_ms=138
2025-10-28T21:15:58.519Z,ADAUSDT,mmap,rings/binance_trade_chunk0,1,37146,0.6416,4679,,,,1761686158485,0,1761686158519,,,
2025-10-28T21:15:58.519Z,ADAUSDT,compare,rings/binance_trade_chunk0|ws,2,37146,0.6416,4679,,,,1761686158485,1761686158347,1761686158519,0,724771593,dt_ms=138
2025-10-28T21:15:58.519Z,ADAUSDT,mmap,rings/binance_trade_chunk0,1,37147,0.6416,8.2,,,,1761686158485,0,1761686158519,,,
2025-10-28T21:15:58.519Z,ADAUSDT,compare,rings/binance_trade_chunk0|ws,2,37147,0.6416,8.2,,,,1761686158485,1761686158347,1761686158519,0,724771593,dt_ms=138
2025-10-28T21:15:58.670Z,ADAUSDT,ws,ws,1,724771594,0.6416,932.8,,,,0,1761686158537,1761686158670,,,
2025-10-28T21:15:58.670Z,ADAUSDT,compare,rings/binance_trade_chunk0|ws,2,37147,0.6416,8.2,,,,1761686158485,1761686158537,1761686158670,0,724771594,dt_ms=52
2025-10-28T21:15:58.670Z,ADAUSDT,ws,ws,1,724771595,0.6416,8.2,,,,0,1761686158537,1761686158670,,,
2025-10-28T21:15:58.670Z,ADAUSDT,compare,rings/binance_trade_chunk0|ws,2,37147,0.6416,8.2,,,,1761686158485,1761686158537,1761686158670,0,724771595,dt_ms=52
2025-10-28T21:15:58.670Z,ADAUSDT,ws,ws,1,724771596,0.6416,8.2,,,,0,1761686158537,1761686158670,,,
2025-10-28T21:15:58.670Z,ADAUSDT,compare,rings/binance_trade_chunk0|ws,2,37147,0.6416,8.2,,,,1761686158485,1761686158537,1761686158670,0,724771596,dt_ms=52
2025-10-28T21:15:58.671Z,ADAUSDT,ws,ws,1,724771597,0.6416,8.2,,,,0,1761686158537,1761686158671,,,
2025-10-28T21:15:58.671Z,ADAUSDT,compare,rings/binance_trade_chunk0|ws,2,37147,0.6416,8.2,,,,1761686158485,1761686158537,1761686158671,0,724771597,dt_ms=52
2025-10-28T21:15:58.804Z,ADAUSDT,mmap,rings/binance_trade_chunk0,1,37490,0.6416,932.8,,,,1761686158768,0,1761686158804,,,
2025-10-28T21:15:58.804Z,ADAUSDT,compare,rings/binance_trade_chunk0|ws,2,37490,0.6416,932.8,,,,1761686158768,1761686158537,1761686158804,0,724771597,dt_ms=231
2025-10-28T21:15:58.804Z,ADAUSDT,mmap,rings/binance_trade_chunk0,1,37491,0.6416,8.2,,,,1761686158768,0,1761686158804,,,
2025-10-28T21:15:58.804Z,ADAUSDT,compare,rings/binance_trade_chunk0|ws,2,37491,0.6416,8.2,,,,1761686158768,1761686158537,1761686158804,0,724771597,dt_ms=231
2025-10-28T21:15:58.804Z,ADAUSDT,mmap,rings/binance_trade_chunk0,1,37492,0.6416,8.2,,,,1761686158768,0,1761686158804,,,
2025-10-28T21:15:58.804Z,ADAUSDT,compare,rings/binance_trade_chunk0|ws,2,37492,0.6416,8.2,,,,1761686158768,1761686158537,1761686158804,0,724771597,dt_ms=231
2025-10-28T21:15:58.804Z,ADAUSDT,mmap,rings/binance_trade_chunk0,1,37493,0.6416,8.2,,,,1761686158768,0,1761686158804,,,
2025-10-28T21:15:58.804Z,ADAUSDT,compare,rings/binance_trade_chunk0|ws,2,37493,0.6416,8.2,,,,1761686158768,1761686158537,1761686158804,0,724771597,dt_ms=231
2025-10-28T21:15:59.842Z,ADAUSDT,ws,ws,1,724771598,0.6417,20.4,,,,0,1761686159708,1761686159842,,,
2025-10-28T21:15:59.843Z,ADAUSDT,ws,ws,1,724771599,0.6417,8.2,,,,0,1761686159708,1761686159843,,,
2025-10-28T21:15:59.843Z,ADAUSDT,ws,ws,1,724771600,0.6417,8.2,,,,0,1761686159708,1761686159843,,,
2025-10-28T21:15:59.843Z,ADAUSDT,ws,ws,1,724771601,0.6417,8.2,,,,0,1761686159708,1761686159843,,,
