ts_iso,symbol,source,subsource,kind,seq_or_tradeid,px,sz,bid,ask,mid,recv_ts,ws_ts,arrival_ms,price_diff,matched_with,note
2025-10-28T21:07:20.281Z,BTCUSDT,ws,ws,1,5398717474,112705,0.00015,,,,0,1761685640011,1761685640271,,,
2025-10-28T21:07:20.886Z,BTCUSDT,ws,ws,1,5398717475,112705,0.00064,,,,0,1761685640682,1761685640886,,,
2025-10-28T21:07:20.887Z,BTCUSDT,ws,ws,1,5398717476,112705,5e-05,,,,0,1761685640682,1761685640887,,,
2025-10-28T21:07:20.887Z,BTCUSDT,ws,ws,1,5398717477,112705,5e-05,,,,0,1761685640682,1761685640887,,,
2025-10-28T21:07:20.887Z,BTCUSDT,ws,ws,1,5398717478,112705,5e-05,,,,0,1761685640682,1761685640887,,,
2025-10-28T21:07:20.887Z,BTCUSDT,ws,ws,1,5398717479,112705,5e-05,,,,0,1761685640682,1761685640887,,,
2025-10-28T21:07:20.887Z,BTCUSDT,ws,ws,1,5398717480,112705,5e-05,,,,0,1761685640682,1761685640887,,,
2025-10-28T21:07:20.887Z,BTCUSDT,ws,ws,1,5398717481,112705,5e-05,,,,0,1761685640682,1761685640887,,,
2025-10-28T21:07:20.887Z,BTCUSDT,ws,ws,1,5398717482,112705,5e-05,,,,0,1761685640682,1761685640887,,,
2025-10-28T21:07:20.888Z,BTCUSDT,ws,ws,1,5398717483,112705,0.00025,,,,0,1761685640682,1761685640888,,,
2025-10-28T21:07:21.910Z,BTCUSDT,ws,ws,1,5398717484,112705,5e-05,,,,0,1761685640880,1761685641910,,,
2025-10-28T21:07:21.910Z,BTCUSDT,ws,ws,1,5398717485,112705,0.00069,,,,0,1761685640884,1761685641910,,,
2025-10-28T21:07:21.911Z,BTCUSDT,ws,ws,1,5398717486,112705,0.00013,,,,0,1761685640897,1761685641910,,,
2025-10-28T21:07:21.911Z,BTCUSDT,ws,ws,1,5398717487,112705,5e-05,,,,0,1761685640897,1761685641911,,,
2025-10-28T21:07:21.911Z,BTCUSDT,ws,ws,1,5398717488,112705,5e-05,,,,0,1761685640897,1761685641911,,,
2025-10-28T21:07:21.911Z,BTCUSDT,ws,ws,1,5398717489,112705,5e-05,,,,0,1761685640897,1761685641911,,,
2025-10-28T21:07:21.911Z,BTCUSDT,ws,ws,1,5398717490,112705,5e-05,,,,0,1761685640897,1761685641911,,,
2025-10-28T21:07:21.911Z,BTCUSDT,ws,ws,1,5398717491,112705,0.00076,,,,0,1761685640897,1761685641911,,,
2025-10-28T21:07:21.911Z,BTCUSDT,ws,ws,1,5398717492,112705,0.00579,,,,0,1761685640897,1761685641911,,,
2025-10-28T21:07:21.911Z,BTCUSDT,ws,ws,1,5398717493,112705,0.0016,,,,0,1761685640953,1761685641911,,,
2025-10-28T21:07:21.911Z,BTCUSDT,ws,ws,1,5398717494,112705,0.01051,,,,0,1761685641121,1761685641911,,,
2025-10-28T21:07:21.911Z,BTCUSDT,ws,ws,1,5398717495,112705,0.0961,,,,0,1761685641121,1761685641911,,,
2025-10-28T21:07:21.911Z,BTCUSDT,ws,ws,1,5398717496,112705,0.00095,,,,0,1761685641121,1761685641911,,,
2025-10-28T21:07:21.912Z,BTCUSDT,ws,ws,1,5398717497,112705,0.00172,,,,0,1761685641121,1761685641912,,,
2025-10-28T21:07:21.912Z,BTCUSDT,ws,ws,1,5398717498,112705,6e-05,,,,0,1761685641121,1761685641912,,,
2025-10-28T21:07:21.912Z,BTCUSDT,ws,ws,1,5398717499,112705,0.08878,,,,0,1761685641121,1761685641912,,,
2025-10-28T21:07:21.912Z,BTCUSDT,ws,ws,1,5398717500,112705,5e-05,,,,0,1761685641121,1761685641912,,,
2025-10-28T21:07:21.912Z,BTCUSDT,ws,ws,1,5398717501,112705,5e-05,,,,0,1761685641121,1761685641912,,,
2025-10-28T21:07:21.912Z,BTCUSDT,ws,ws,1,5398717502,112705,5e-05,,,,0,1761685641121,1761685641912,,,
2025-10-28T21:07:21.912Z,BTCUSDT,ws,ws,1,5398717503,112705,5e-05,,,,0,1761685641121,1761685641912,,,
2025-10-28T21:07:21.912Z,BTCUSDT,ws,ws,1,5398717504,112705,5e-05,,,,0,1761685641121,1761685641912,,,
2025-10-28T21:07:21.912Z,BTCUSDT,ws,ws,1,5398717505,112705,5e-05,,,,0,1761685641121,1761685641912,,,
2025-10-28T21:07:21.912Z,BTCUSDT,ws,ws,1,5398717506,112705,0.0067,,,,0,1761685641121,1761685641912,,,
2025-10-28T21:07:21.912Z,BTCUSDT,ws,ws,1,5398717507,112705,5e-05,,,,0,1761685641121,1761685641912,,,
2025-10-28T21:07:21.912Z,BTCUSDT,ws,ws,1,5398717508,112705,5e-05,,,,0,1761685641121,1761685641912,,,
2025-10-28T21:07:21.912Z,BTCUSDT,ws,ws,1,5398717509,112705,5e-05,,,,0,1761685641121,1761685641912,,,
2025-10-28T21:07:21.912Z,BTCUSDT,ws,ws,1,5398717510,112705,0.00025,,,,0,1761685641121,1761685641912,,,
2025-10-28T21:07:21.912Z,BTCUSDT,ws,ws,1,5398717511,112705,5e-05,,,,0,1761685641121,1761685641912,,,
2025-10-28T21:07:21.912Z,BTCUSDT,ws,ws,1,5398717512,112705,0.06655,,,,0,1761685641121,1761685641912,,,
2025-10-28T21:07:21.913Z,BTCUSDT,ws,ws,1,5398717513,112705,0.00469,,,,0,1761685641121,1761685641912,,,
2025-10-28T21:07:21.913Z,BTCUSDT,ws,ws,1,5398717514,112705,0.0025,,,,0,1761685641121,1761685641913,,,
2025-10-28T21:07:21.913Z,BTCUSDT,ws,ws,1,5398717515,112705,0.03017,,,,0,1761685641121,1761685641913,,,
2025-10-28T21:07:21.913Z,BTCUSDT,ws,ws,1,5398717516,112705,0.13783,,,,0,1761685641121,1761685641913,,,
2025-10-28T21:07:21.913Z,BTCUSDT,ws,ws,1,5398717517,112705,0.01984,,,,0,1761685641122,1761685641913,,,
2025-10-28T21:07:21.913Z,BTCUSDT,ws,ws,1,5398717518,112705,5e-05,,,,0,1761685641122,1761685641913,,,
2025-10-28T21:07:21.913Z,BTCUSDT,ws,ws,1,5398717519,112705,5e-05,,,,0,1761685641122,1761685641913,,,
2025-10-28T21:07:21.913Z,BTCUSDT,ws,ws,1,5398717520,112705,5e-05,,,,0,1761685641122,1761685641913,,,
2025-10-28T21:07:21.913Z,BTCUSDT,ws,ws,1,5398717521,112705,5e-05,,,,0,1761685641122,1761685641913,,,
2025-10-28T21:07:21.913Z,BTCUSDT,ws,ws,1,5398717522,112705,0.0438,,,,0,1761685641122,1761685641913,,,
2025-10-28T21:07:21.913Z,BTCUSDT,ws,ws,1,5398717523,112705,5e-05,,,,0,1761685641122,1761685641913,,,
2025-10-28T21:07:21.913Z,BTCUSDT,ws,ws,1,5398717524,112705,5e-05,,,,0,1761685641122,1761685641913,,,
2025-10-28T21:07:21.913Z,BTCUSDT,ws,ws,1,5398717525,112705,5e-05,,,,0,1761685641122,1761685641913,,,
2025-10-28T21:07:21.913Z,BTCUSDT,ws,ws,1,5398717526,112705,5e-05,,,,0,1761685641122,1761685641913,,,
2025-10-28T21:07:21.913Z,BTCUSDT,ws,ws,1,5398717527,112705,5e-05,,,,0,1761685641122,1761685641913,,,
2025-10-28T21:07:21.913Z,BTCUSDT,ws,ws,1,5398717528,112705,5e-05,,,,0,1761685641122,1761685641913,,,
2025-10-28T21:07:21.914Z,BTCUSDT,ws,ws,1,5398717529,112705,0.0001,,,,0,1761685641122,1761685641913,,,
2025-10-28T21:07:21.914Z,BTCUSDT,ws,ws,1,5398717530,112705,0.003,,,,0,1761685641122,1761685641914,,,
2025-10-28T21:07:21.914Z,BTCUSDT,ws,ws,1,5398717531,112705,5e-05,,,,0,1761685641122,1761685641914,,,
2025-10-28T21:07:21.914Z,BTCUSDT,ws,ws,1,5398717532,112705,5e-05,,,,0,1761685641122,1761685641914,,,
2025-10-28T21:07:21.914Z,BTCUSDT,ws,ws,1,5398717533,112705,0.00031,,,,0,1761685641122,1761685641914,,,
2025-10-28T21:07:21.914Z,BTCUSDT,ws,ws,1,5398717534,112705,5e-05,,,,0,1761685641122,1761685641914,,,
2025-10-28T21:07:21.914Z,BTCUSDT,ws,ws,1,5398717535,112703,5e-05,,,,0,1761685641123,1761685641914,,,
2025-10-28T21:07:21.914Z,BTCUSDT,ws,ws,1,5398717536,112703,5e-05,,,,0,1761685641123,1761685641914,,,
2025-10-28T21:07:21.914Z,BTCUSDT,ws,ws,1,5398717537,112703,5e-05,,,,0,1761685641123,1761685641914,,,
2025-10-28T21:07:21.914Z,BTCUSDT,ws,ws,1,5398717538,112703,5e-05,,,,0,1761685641123,1761685641914,,,
2025-10-28T21:07:21.914Z,BTCUSDT,ws,ws,1,5398717539,112703,0.0507,,,,0,1761685641123,1761685641914,,,
2025-10-28T21:07:21.914Z,BTCUSDT,ws,ws,1,5398717540,112703,0.04515,,,,0,1761685641123,1761685641914,,,
2025-10-28T21:07:21.914Z,BTCUSDT,ws,ws,1,5398717541,112703,5e-05,,,,0,1761685641123,1761685641914,,,
2025-10-28T21:07:21.914Z,BTCUSDT,ws,ws,1,5398717542,112703,0.07163,,,,0,1761685641123,1761685641914,,,
2025-10-28T21:07:21.914Z,BTCUSDT,ws,ws,1,5398717543,112703,0.0556,,,,0,1761685641124,1761685641914,,,
2025-10-28T21:07:21.914Z,BTCUSDT,ws,ws,1,5398717544,112703,0.01051,,,,0,1761685641125,1761685641914,,,
2025-10-28T21:07:21.915Z,BTCUSDT,ws,ws,1,5398717545,112703,0.01051,,,,0,1761685641126,1761685641915,,,
2025-10-28T21:07:21.915Z,BTCUSDT,ws,ws,1,5398717546,112703,0.01051,,,,0,1761685641126,1761685641915,,,
2025-10-28T21:07:21.915Z,BTCUSDT,ws,ws,1,5398717547,112703,0.00794,,,,0,1761685641126,1761685641915,,,
2025-10-28T21:07:22.316Z,BTCUSDT,ws,ws,1,5398717548,112703,0.024,,,,0,1761685641128,1761685642316,,,
2025-10-28T21:07:22.317Z,BTCUSDT,ws,ws,1,5398717549,112703,0.024,,,,0,1761685641128,1761685642317,,,
2025-10-28T21:07:22.317Z,BTCUSDT,ws,ws,1,5398717550,112703,0.022,,,,0,1761685641128,1761685642317,,,
2025-10-28T21:07:22.317Z,BTCUSDT,ws,ws,1,5398717551,112703,0.024,,,,0,1761685641128,1761685642317,,,
2025-10-28T21:07:22.317Z,BTCUSDT,ws,ws,1,5398717552,112703,0.024,,,,0,1761685641128,1761685642317,,,
2025-10-28T21:07:22.317Z,BTCUSDT,ws,ws,1,5398717553,112703,0.0081,,,,0,1761685641128,1761685642317,,,
2025-10-28T21:07:22.317Z,BTCUSDT,ws,ws,1,5398717554,112703,5e-05,,,,0,1761685641128,1761685642317,,,
2025-10-28T21:07:22.317Z,BTCUSDT,ws,ws,1,5398717555,112701,5e-05,,,,0,1761685641128,1761685642317,,,
2025-10-28T21:07:22.318Z,BTCUSDT,ws,ws,1,5398717556,112701,5e-05,,,,0,1761685641128,1761685642318,,,
2025-10-28T21:07:22.318Z,BTCUSDT,ws,ws,1,5398717557,112701,5e-05,,,,0,1761685641128,1761685642318,,,
2025-10-28T21:07:22.318Z,BTCUSDT,ws,ws,1,5398717558,112701,5e-05,,,,0,1761685641128,1761685642318,,,
2025-10-28T21:07:22.318Z,BTCUSDT,ws,ws,1,5398717559,112700,5e-05,,,,0,1761685641128,1761685642318,,,
2025-10-28T21:07:22.318Z,BTCUSDT,ws,ws,1,5398717560,112700,5e-05,,,,0,1761685641128,1761685642318,,,
2025-10-28T21:07:22.318Z,BTCUSDT,ws,ws,1,5398717561,112700,5e-05,,,,0,1761685641128,1761685642318,,,
2025-10-28T21:07:22.318Z,BTCUSDT,ws,ws,1,5398717562,112700,0.00017,,,,0,1761685641128,1761685642318,,,
2025-10-28T21:07:22.318Z,BTCUSDT,ws,ws,1,5398717563,112700,5e-05,,,,0,1761685641128,1761685642318,,,
2025-10-28T21:07:22.318Z,BTCUSDT,ws,ws,1,5398717564,112700,5e-05,,,,0,1761685641128,1761685642318,,,
2025-10-28T21:07:22.318Z,BTCUSDT,ws,ws,1,5398717565,112700,5e-05,,,,0,1761685641128,1761685642318,,,
2025-10-28T21:07:22.319Z,BTCUSDT,ws,ws,1,5398717566,112700,0.01518,,,,0,1761685641128,1761685642319,,,
2025-10-28T21:07:22.319Z,BTCUSDT,ws,ws,1,5398717567,112700,0.00181,,,,0,1761685641128,1761685642319,,,
2025-10-28T21:07:22.319Z,BTCUSDT,ws,ws,1,5398717568,112700,0.0011,,,,0,1761685641128,1761685642319,,,
2025-10-28T21:07:22.319Z,BTCUSDT,ws,ws,1,5398717569,112700,8e-05,,,,0,1761685641128,1761685642319,,,
2025-10-28T21:07:22.319Z,BTCUSDT,ws,ws,1,5398717570,112700,5e-05,,,,0,1761685641128,1761685642319,,,
2025-10-28T21:07:22.319Z,BTCUSDT,ws,ws,1,5398717571,112700,9e-05,,,,0,1761685641128,1761685642319,,,
2025-10-28T21:07:22.319Z,BTCUSDT,ws,ws,1,5398717572,112700,0.0061,,,,0,1761685641128,1761685642319,,,
2025-10-28T21:07:22.319Z,BTCUSDT,ws,ws,1,5398717573,112700,5e-05,,,,0,1761685641128,1761685642319,,,
2025-10-28T21:07:22.319Z,BTCUSDT,ws,ws,1,5398717574,112700,0.0026,,,,0,1761685641128,1761685642319,,,
2025-10-28T21:07:22.319Z,BTCUSDT,ws,ws,1,5398717575,112700,5e-05,,,,0,1761685641128,1761685642319,,,
2025-10-28T21:07:22.319Z,BTCUSDT,ws,ws,1,5398717576,112700,0.00038,,,,0,1761685641128,1761685642319,,,
2025-10-28T21:07:22.319Z,BTCUSDT,ws,ws,1,5398717577,112700,5e-05,,,,0,1761685641128,1761685642319,,,
2025-10-28T21:07:22.319Z,BTCUSDT,ws,ws,1,5398717578,112700,5e-05,,,,0,1761685641128,1761685642319,,,
2025-10-28T21:07:22.319Z,BTCUSDT,ws,ws,1,5398717579,112699,5e-05,,,,0,1761685641128,1761685642319,,,
2025-10-28T21:07:22.319Z,BTCUSDT,ws,ws,1,5398717580,112699,5e-05,,,,0,1761685641128,1761685642319,,,
2025-10-28T21:07:22.319Z,BTCUSDT,ws,ws,1,5398717581,112699,5e-05,,,,0,1761685641128,1761685642319,,,
2025-10-28T21:07:22.320Z,BTCUSDT,ws,ws,1,5398717582,112698,0.0002,,,,0,1761685641128,1761685642319,,,
2025-10-28T21:07:22.320Z,BTCUSDT,ws,ws,1,5398717583,112698,0.0002,,,,0,1761685641128,1761685642320,,,
2025-10-28T21:07:22.320Z,BTCUSDT,ws,ws,1,5398717584,112697,5e-05,,,,0,1761685641128,1761685642320,,,
2025-10-28T21:07:22.320Z,BTCUSDT,ws,ws,1,5398717585,112697,0.00999,,,,0,1761685641128,1761685642320,,,
2025-10-28T21:07:22.320Z,BTCUSDT,ws,ws,1,5398717586,112697,0.04,,,,0,1761685641128,1761685642320,,,
2025-10-28T21:07:22.320Z,BTCUSDT,ws,ws,1,5398717587,112697,0.06601,,,,0,1761685641128,1761685642320,,,
2025-10-28T21:07:22.320Z,BTCUSDT,ws,ws,1,5398717588,112697,5e-05,,,,0,1761685641128,1761685642320,,,
2025-10-28T21:07:22.320Z,BTCUSDT,ws,ws,1,5398717589,112697,0.00033,,,,0,1761685641128,1761685642320,,,
2025-10-28T21:07:22.320Z,BTCUSDT,ws,ws,1,5398717590,112697,0.00861,,,,0,1761685641128,1761685642320,,,
2025-10-28T21:07:22.320Z,BTCUSDT,ws,ws,1,5398717591,112697,0.024,,,,0,1761685641128,1761685642320,,,
2025-10-28T21:07:22.320Z,BTCUSDT,ws,ws,1,5398717592,112697,0.023,,,,0,1761685641128,1761685642320,,,
2025-10-28T21:07:22.320Z,BTCUSDT,ws,ws,1,5398717593,112697,0.071,,,,0,1761685641128,1761685642320,,,
2025-10-28T21:07:22.320Z,BTCUSDT,ws,ws,1,5398717594,112697,0.0354,,,,0,1761685641129,1761685642320,,,
2025-10-28T21:07:22.320Z,BTCUSDT,ws,ws,1,5398717595,112696,0.00148,,,,0,1761685641129,1761685642320,,,
2025-10-28T21:07:22.321Z,BTCUSDT,ws,ws,1,5398717596,112696,5e-05,,,,0,1761685641129,1761685642321,,,
2025-10-28T21:07:22.321Z,BTCUSDT,ws,ws,1,5398717597,112696,0.0002,,,,0,1761685641129,1761685642321,,,
2025-10-28T21:07:22.321Z,BTCUSDT,ws,ws,1,5398717598,112696,0.0002,,,,0,1761685641129,1761685642321,,,
2025-10-28T21:07:22.321Z,BTCUSDT,ws,ws,1,5398717599,112695,5e-05,,,,0,1761685641129,1761685642321,,,
2025-10-28T21:07:22.321Z,BTCUSDT,ws,ws,1,5398717600,112695,5e-05,,,,0,1761685641129,1761685642321,,,
2025-10-28T21:07:22.321Z,BTCUSDT,ws,ws,1,5398717601,112695,5e-05,,,,0,1761685641129,1761685642321,,,
2025-10-28T21:07:22.321Z,BTCUSDT,ws,ws,1,5398717602,112694,5e-05,,,,0,1761685641129,1761685642321,,,
2025-10-28T21:07:22.321Z,BTCUSDT,ws,ws,1,5398717603,112694,0.00148,,,,0,1761685641129,1761685642321,,,
2025-10-28T21:07:22.321Z,BTCUSDT,ws,ws,1,5398717604,112694,5e-05,,,,0,1761685641129,1761685642321,,,
2025-10-28T21:07:22.321Z,BTCUSDT,ws,ws,1,5398717605,112694,0.00036,,,,0,1761685641129,1761685642321,,,
2025-10-28T21:07:22.321Z,BTCUSDT,ws,ws,1,5398717606,112694,0.0002,,,,0,1761685641129,1761685642321,,,
2025-10-28T21:07:22.321Z,BTCUSDT,ws,ws,1,5398717607,112694,0.0002,,,,0,1761685641129,1761685642321,,,
2025-10-28T21:07:22.322Z,BTCUSDT,ws,ws,1,5398717608,112694,5e-05,,,,0,1761685641129,1761685642322,,,
2025-10-28T21:07:22.322Z,BTCUSDT,ws,ws,1,5398717609,112694,5e-05,,,,0,1761685641129,1761685642322,,,
2025-10-28T21:07:22.322Z,BTCUSDT,ws,ws,1,5398717610,112694,5e-05,,,,0,1761685641129,1761685642322,,,
2025-10-28T21:07:22.322Z,BTCUSDT,ws,ws,1,5398717611,112694,5e-05,,,,0,1761685641129,1761685642322,,,
2025-10-28T21:07:22.727Z,BTCUSDT,ws,ws,1,5398717612,112693,0.03306,,,,0,1761685641132,1761685642727,,,
2025-10-28T21:07:22.727Z,BTCUSDT,ws,ws,1,5398717613,112693,0.075,,,,0,1761685641132,1761685642727,,,
2025-10-28T21:07:22.727Z,BTCUSDT,ws,ws,1,5398717614,112693,0.00709,,,,0,1761685641132,1761685642727,,,
2025-10-28T21:07:22.727Z,BTCUSDT,ws,ws,1,5398717615,112693,0.01491,,,,0,1761685641132,1761685642727,,,
2025-10-28T21:07:22.727Z,BTCUSDT,ws,ws,1,5398717616,112693,0.016,,,,0,1761685641132,1761685642727,,,
2025-10-28T21:07:22.727Z,BTCUSDT,ws,ws,1,5398717617,112693,0.03255,,,,0,1761685641132,1761685642727,,,
2025-10-28T21:07:22.728Z,BTCUSDT,ws,ws,1,5398717618,112693,5e-05,,,,0,1761685641132,1761685642728,,,
2025-10-28T21:07:22.728Z,BTCUSDT,ws,ws,1,5398717619,112693,5e-05,,,,0,1761685641132,1761685642728,,,
2025-10-28T21:07:22.728Z,BTCUSDT,ws,ws,1,5398717620,112693,5e-05,,,,0,1761685641132,1761685642728,,,
2025-10-28T21:07:22.728Z,BTCUSDT,ws,ws,1,5398717621,112692,5e-05,,,,0,1761685641132,1761685642728,,,
2025-10-28T21:07:22.728Z,BTCUSDT,ws,ws,1,5398717622,112692,0.0002,,,,0,1761685641132,1761685642728,,,
2025-10-28T21:07:22.728Z,BTCUSDT,ws,ws,1,5398717623,112692,0.0002,,,,0,1761685641132,1761685642728,,,
2025-10-28T21:07:22.728Z,BTCUSDT,ws,ws,1,5398717624,112691,0.00037,,,,0,1761685641132,1761685642728,,,
2025-10-28T21:07:22.728Z,BTCUSDT,ws,ws,1,5398717625,112690,0.03848,,,,0,1761685641132,1761685642728,,,
2025-10-28T21:07:22.728Z,BTCUSDT,ws,ws,1,5398717626,112690,0.024,,,,0,1761685641132,1761685642728,,,
2025-10-28T21:07:22.728Z,BTCUSDT,ws,ws,1,5398717627,112690,0.02165,,,,0,1761685641132,1761685642728,,,
2025-10-28T21:07:22.728Z,BTCUSDT,ws,ws,1,5398717628,112690,5e-05,,,,0,1761685641132,1761685642728,,,
2025-10-28T21:07:22.728Z,BTCUSDT,ws,ws,1,5398717629,112690,0.00034,,,,0,1761685641132,1761685642728,,,
2025-10-28T21:07:22.729Z,BTCUSDT,ws,ws,1,5398717630,112690,0.0002,,,,0,1761685641132,1761685642729,,,
2025-10-28T21:07:22.729Z,BTCUSDT,ws,ws,1,5398717631,112690,0.0002,,,,0,1761685641132,1761685642729,,,
2025-10-28T21:07:22.729Z,BTCUSDT,ws,ws,1,5398717632,112689,5e-05,,,,0,1761685641132,1761685642729,,,
2025-10-28T21:07:22.729Z,BTCUSDT,ws,ws,1,5398717633,112689,0.00151,,,,0,1761685641132,1761685642729,,,
2025-10-28T21:07:22.729Z,BTCUSDT,ws,ws,1,5398717634,112689,0.05949,,,,0,1761685641132,1761685642729,,,
2025-10-28T21:07:22.729Z,BTCUSDT,ws,ws,1,5398717635,112689,0.01151,,,,0,1761685641132,1761685642729,,,
2025-10-28T21:07:22.729Z,BTCUSDT,ws,ws,1,5398717636,112689,0.072,,,,0,1761685641132,1761685642729,,,
2025-10-28T21:07:22.729Z,BTCUSDT,ws,ws,1,5398717637,112689,0.024,,,,0,1761685641132,1761685642729,,,
2025-10-28T21:07:22.729Z,BTCUSDT,ws,ws,1,5398717638,112689,0.06,,,,0,1761685641132,1761685642729,,,
2025-10-28T21:07:22.729Z,BTCUSDT,ws,ws,1,5398717639,112689,0.022,,,,0,1761685641132,1761685642729,,,
2025-10-28T21:07:22.730Z,BTCUSDT,ws,ws,1,5398717640,112689,0.024,,,,0,1761685641132,1761685642729,,,
2025-10-28T21:07:22.730Z,BTCUSDT,ws,ws,1,5398717641,112689,0.17745,,,,0,1761685641132,1761685642730,,,
2025-10-28T21:07:22.730Z,BTCUSDT,ws,ws,1,5398717642,112689,5e-05,,,,0,1761685641132,1761685642730,,,
2025-10-28T21:07:22.730Z,BTCUSDT,ws,ws,1,5398717643,112688,5e-05,,,,0,1761685641132,1761685642730,,,
2025-10-28T21:07:22.730Z,BTCUSDT,ws,ws,1,5398717644,112688,7e-05,,,,0,1761685641132,1761685642730,,,
2025-10-28T21:07:22.730Z,BTCUSDT,ws,ws,1,5398717645,112688,0.003,,,,0,1761685641132,1761685642730,,,
2025-10-28T21:07:22.730Z,BTCUSDT,ws,ws,1,5398717646,112688,0.0001,,,,0,1761685641132,1761685642730,,,
2025-10-28T21:07:22.730Z,BTCUSDT,ws,ws,1,5398717647,112688,0.0002,,,,0,1761685641132,1761685642730,,,
2025-10-28T21:07:22.730Z,BTCUSDT,ws,ws,1,5398717648,112688,0.0002,,,,0,1761685641132,1761685642730,,,
2025-10-28T21:07:22.730Z,BTCUSDT,ws,ws,1,5398717649,112688,0.00148,,,,0,1761685641132,1761685642730,,,
2025-10-28T21:07:22.730Z,BTCUSDT,ws,ws,1,5398717650,112688,0.00048,,,,0,1761685641132,1761685642730,,,
2025-10-28T21:07:22.730Z,BTCUSDT,ws,ws,1,5398717651,112687,5e-05,,,,0,1761685641132,1761685642730,,,
2025-10-28T21:07:22.731Z,BTCUSDT,ws,ws,1,5398717652,112687,0.07195,,,,0,1761685641132,1761685642731,,,
2025-10-28T21:07:22.731Z,BTCUSDT,ws,ws,1,5398717653,112687,0.023,,,,0,1761685641133,1761685642731,,,
2025-10-28T21:07:22.731Z,BTCUSDT,ws,ws,1,5398717654,112687,0.0005,,,,0,1761685641133,1761685642731,,,
2025-10-28T21:07:22.731Z,BTCUSDT,ws,ws,1,5398717655,112687,0.024,,,,0,1761685641133,1761685642731,,,
2025-10-28T21:07:22.731Z,BTCUSDT,ws,ws,1,5398717656,112687,0.00551,,,,0,1761685641134,1761685642731,,,
2025-10-28T21:07:22.731Z,BTCUSDT,ws,ws,1,5398717657,112687,0.06749,,,,0,1761685641134,1761685642731,,,
2025-10-28T21:07:22.731Z,BTCUSDT,ws,ws,1,5398717658,112687,0.07186,,,,0,1761685641134,1761685642731,,,
2025-10-28T21:07:22.731Z,BTCUSDT,ws,ws,1,5398717659,112686,0.00014,,,,0,1761685641134,1761685642731,,,
2025-10-28T21:07:22.731Z,BTCUSDT,ws,ws,1,5398717660,112686,6e-05,,,,0,1761685641134,1761685642731,,,
2025-10-28T21:07:22.731Z,BTCUSDT,ws,ws,1,5398717661,112686,0.0002,,,,0,1761685641134,1761685642731,,,
2025-10-28T21:07:22.731Z,BTCUSDT,ws,ws,1,5398717662,112686,0.00192,,,,0,1761685641134,1761685642731,,,
2025-10-28T21:07:22.731Z,BTCUSDT,ws,ws,1,5398717663,112686,5e-05,,,,0,1761685641134,1761685642731,,,
2025-10-28T21:07:22.732Z,BTCUSDT,ws,ws,1,5398717664,112685,6e-05,,,,0,1761685641134,1761685642732,,,
2025-10-28T21:07:22.732Z,BTCUSDT,ws,ws,1,5398717665,112685,0.00037,,,,0,1761685641134,1761685642732,,,
2025-10-28T21:07:22.732Z,BTCUSDT,ws,ws,1,5398717666,112685,0.00034,,,,0,1761685641134,1761685642732,,,
2025-10-28T21:07:22.732Z,BTCUSDT,ws,ws,1,5398717667,112685,0.00022,,,,0,1761685641134,1761685642732,,,
2025-10-28T21:07:22.732Z,BTCUSDT,ws,ws,1,5398717668,112685,0.0001,,,,0,1761685641134,1761685642732,,,
2025-10-28T21:07:22.732Z,BTCUSDT,ws,ws,1,5398717669,112685,0.03,,,,0,1761685641134,1761685642732,,,
2025-10-28T21:07:22.732Z,BTCUSDT,ws,ws,1,5398717670,112685,0.03768,,,,0,1761685641134,1761685642732,,,
2025-10-28T21:07:22.732Z,BTCUSDT,ws,ws,1,5398717671,112685,0.00432,,,,0,1761685641134,1761685642732,,,
2025-10-28T21:07:22.732Z,BTCUSDT,ws,ws,1,5398717672,112685,5e-05,,,,0,1761685641134,1761685642732,,,
2025-10-28T21:07:22.732Z,BTCUSDT,ws,ws,1,5398717673,112684,0.0002,,,,0,1761685641134,1761685642732,,,
2025-10-28T21:07:22.732Z,BTCUSDT,ws,ws,1,5398717674,112684,0.0002,,,,0,1761685641134,1761685642732,,,
2025-10-28T21:07:22.732Z,BTCUSDT,ws,ws,1,5398717675,112683,5e-05,,,,0,1761685641134,1761685642732,,,
2025-10-28T21:07:22.733Z,BTCUSDT,ws,ws,1,5398717676,112683,5e-05,,,,0,1761685641134,1761685642733,,,
2025-10-28T21:07:22.733Z,BTCUSDT,ws,ws,1,5398717677,112682,5e-05,,,,0,1761685641134,1761685642733,,,
2025-10-28T21:07:22.733Z,BTCUSDT,ws,ws,1,5398717678,112682,0.0002,,,,0,1761685641134,1761685642733,,,
2025-10-28T21:07:22.733Z,BTCUSDT,ws,ws,1,5398717679,112682,0.0002,,,,0,1761685641134,1761685642733,,,
2025-10-28T21:07:22.733Z,BTCUSDT,ws,ws,1,5398717680,112682,0.01868,,,,0,1761685641134,1761685642733,,,
2025-10-28T21:07:22.733Z,BTCUSDT,ws,ws,1,5398717681,112682,0.06,,,,0,1761685641134,1761685642733,,,
2025-10-28T21:07:22.733Z,BTCUSDT,ws,ws,1,5398717682,112682,0.023,,,,0,1761685641134,1761685642733,,,
2025-10-28T21:07:22.733Z,BTCUSDT,ws,ws,1,5398717683,112682,0.024,,,,0,1761685641134,1761685642733,,,
2025-10-28T21:07:22.733Z,BTCUSDT,ws,ws,1,5398717684,112682,0.024,,,,0,1761685641134,1761685642733,,,
2025-10-28T21:07:22.733Z,BTCUSDT,ws,ws,1,5398717685,112682,0.00115,,,,0,1761685641134,1761685642733,,,
2025-10-28T21:07:22.734Z,BTCUSDT,ws,ws,1,5398717686,112681,5e-05,,,,0,1761685641134,1761685642733,,,
2025-10-28T21:07:22.734Z,BTCUSDT,ws,ws,1,5398717687,112681,0.0228,,,,0,1761685641134,1761685642734,,,
2025-10-28T21:07:22.734Z,BTCUSDT,ws,ws,1,5398717688,112681,0.024,,,,0,1761685641134,1761685642734,,,
2025-10-28T21:07:22.734Z,BTCUSDT,ws,ws,1,5398717689,112681,0.024,,,,0,1761685641134,1761685642734,,,
2025-10-28T21:07:22.734Z,BTCUSDT,ws,ws,1,5398717690,112681,0.024,,,,0,1761685641134,1761685642734,,,
2025-10-28T21:07:22.734Z,BTCUSDT,ws,ws,1,5398717691,112681,0.072,,,,0,1761685641134,1761685642734,,,
2025-10-28T21:07:22.734Z,BTCUSDT,ws,ws,1,5398717692,112681,0.004,,,,0,1761685641135,1761685642734,,,
2025-10-28T21:07:22.734Z,BTCUSDT,ws,ws,1,5398717693,112681,0.00667,,,,0,1761685641135,1761685642734,,,
2025-10-28T21:07:22.734Z,BTCUSDT,ws,ws,1,5398717694,112681,0.01733,,,,0,1761685641135,1761685642734,,,
2025-10-28T21:07:22.734Z,BTCUSDT,ws,ws,1,5398717695,112681,0.024,,,,0,1761685641135,1761685642734,,,
2025-10-28T21:07:22.734Z,BTCUSDT,ws,ws,1,5398717696,112681,0.00842,,,,0,1761685641135,1761685642734,,,
2025-10-28T21:07:22.734Z,BTCUSDT,ws,ws,1,5398717697,112681,0.0001,,,,0,1761685641135,1761685642734,,,
2025-10-28T21:07:22.734Z,BTCUSDT,ws,ws,1,5398717698,112681,0.01348,,,,0,1761685641135,1761685642734,,,
2025-10-28T21:07:22.734Z,BTCUSDT,ws,ws,1,5398717699,112681,0.024,,,,0,1761685641135,1761685642734,,,
2025-10-28T21:07:22.735Z,BTCUSDT,ws,ws,1,5398717700,112681,0.072,,,,0,1761685641135,1761685642734,,,
2025-10-28T21:07:22.735Z,BTCUSDT,ws,ws,1,5398717701,112681,0.004,,,,0,1761685641135,1761685642735,,,
2025-10-28T21:07:22.735Z,BTCUSDT,ws,ws,1,5398717702,112681,0.023,,,,0,1761685641135,1761685642735,,,
2025-10-28T21:07:22.735Z,BTCUSDT,ws,ws,1,5398717703,112681,0.072,,,,0,1761685641135,1761685642735,,,
2025-10-28T21:07:22.735Z,BTCUSDT,ws,ws,1,5398717704,112681,0.004,,,,0,1761685641135,1761685642735,,,
2025-10-28T21:07:22.735Z,BTCUSDT,ws,ws,1,5398717705,112681,0.024,,,,0,1761685641135,1761685642735,,,
2025-10-28T21:07:22.995Z,BTCUSDT,ws,ws,1,5398717706,112681,0.024,,,,0,1761685641135,1761685642994,,,
2025-10-28T21:07:22.995Z,BTCUSDT,ws,ws,1,5398717707,112681,0.023,,,,0,1761685641135,1761685642995,,,
2025-10-28T21:07:22.995Z,BTCUSDT,ws,ws,1,5398717708,112681,0.06,,,,0,1761685641135,1761685642995,,,
2025-10-28T21:07:22.995Z,BTCUSDT,ws,ws,1,5398717709,112681,0.06,,,,0,1761685641135,1761685642995,,,
2025-10-28T21:07:22.995Z,BTCUSDT,ws,ws,1,5398717710,112681,0.022,,,,0,1761685641135,1761685642995,,,
2025-10-28T21:07:22.995Z,BTCUSDT,ws,ws,1,5398717711,112681,0.06,,,,0,1761685641135,1761685642995,,,
2025-10-28T21:07:22.996Z,BTCUSDT,ws,ws,1,5398717712,112681,0.072,,,,0,1761685641135,1761685642995,,,
2025-10-28T21:07:22.996Z,BTCUSDT,ws,ws,1,5398717713,112681,0.075,,,,0,1761685641135,1761685642996,,,
2025-10-28T21:07:22.996Z,BTCUSDT,ws,ws,1,5398717714,112681,0.024,,,,0,1761685641135,1761685642996,,,
2025-10-28T21:07:22.996Z,BTCUSDT,ws,ws,1,5398717715,112681,0.024,,,,0,1761685641136,1761685642996,,,
2025-10-28T21:07:22.996Z,BTCUSDT,ws,ws,1,5398717716,112681,0.073,,,,0,1761685641136,1761685642996,,,
2025-10-28T21:07:22.996Z,BTCUSDT,ws,ws,1,5398717717,112681,0.023,,,,0,1761685641136,1761685642996,,,
2025-10-28T21:07:22.996Z,BTCUSDT,ws,ws,1,5398717718,112681,0.071,,,,0,1761685641136,1761685642996,,,
2025-10-28T21:07:22.996Z,BTCUSDT,ws,ws,1,5398717719,112681,0.08434,,,,0,1761685641136,1761685642996,,,
2025-10-28T21:07:22.996Z,BTCUSDT,ws,ws,1,5398717720,112681,0.00088,,,,0,1761685641136,1761685642996,,,
2025-10-28T21:07:22.996Z,BTCUSDT,ws,ws,1,5398717721,112681,0.033,,,,0,1761685641136,1761685642996,,,
2025-10-28T21:07:22.996Z,BTCUSDT,ws,ws,1,5398717722,112681,5e-05,,,,0,1761685641136,1761685642996,,,
2025-10-28T21:07:22.996Z,BTCUSDT,ws,ws,1,5398717723,112680,0.00033,,,,0,1761685641136,1761685642996,,,
2025-10-28T21:07:22.996Z,BTCUSDT,ws,ws,1,5398717724,112680,5e-05,,,,0,1761685641136,1761685642996,,,
2025-10-28T21:07:22.997Z,BTCUSDT,ws,ws,1,5398717725,112680,0.0002,,,,0,1761685641136,1761685642997,,,
2025-10-28T21:07:22.997Z,BTCUSDT,ws,ws,1,5398717726,112680,0.0002,,,,0,1761685641136,1761685642997,,,
2025-10-28T21:07:22.997Z,BTCUSDT,ws,ws,1,5398717727,112680,0.23,,,,0,1761685641136,1761685642997,,,
2025-10-28T21:07:22.997Z,BTCUSDT,ws,ws,1,5398717728,112680,0.01775,,,,0,1761685641136,1761685642997,,,
2025-10-28T21:07:22.997Z,BTCUSDT,ws,ws,1,5398717729,112680,0.06,,,,0,1761685641136,1761685642997,,,
2025-10-28T21:07:22.997Z,BTCUSDT,ws,ws,1,5398717730,112680,5e-05,,,,0,1761685641136,1761685642997,,,
2025-10-28T21:07:22.997Z,BTCUSDT,ws,ws,1,5398717731,112680,0.00355,,,,0,1761685641136,1761685642997,,,
2025-10-28T21:07:22.997Z,BTCUSDT,ws,ws,1,5398717732,112679,0.00036,,,,0,1761685641136,1761685642997,,,
2025-10-28T21:07:22.997Z,BTCUSDT,ws,ws,1,5398717733,112679,0.00904,,,,0,1761685641136,1761685642997,,,
2025-10-28T21:07:22.997Z,BTCUSDT,ws,ws,1,5398717734,112678,0.05901,,,,0,1761685641136,1761685642997,,,
2025-10-28T21:07:22.997Z,BTCUSDT,ws,ws,1,5398717735,112678,0.03,,,,0,1761685641136,1761685642997,,,
2025-10-28T21:07:22.997Z,BTCUSDT,ws,ws,1,5398717736,112678,0.0002,,,,0,1761685641136,1761685642997,,,
2025-10-28T21:07:22.997Z,BTCUSDT,ws,ws,1,5398717737,112678,0.0002,,,,0,1761685641136,1761685642997,,,
2025-10-28T21:07:22.997Z,BTCUSDT,ws,ws,1,5398717738,112677,0.0001,,,,0,1761685641136,1761685642997,,,
2025-10-28T21:07:22.997Z,BTCUSDT,ws,ws,1,5398717739,112677,0.033,,,,0,1761685641136,1761685642997,,,
2025-10-28T21:07:22.997Z,BTCUSDT,ws,ws,1,5398717740,112677,0.033,,,,0,1761685641136,1761685642997,,,
2025-10-28T21:07:22.998Z,BTCUSDT,ws,ws,1,5398717741,112677,5e-05,,,,0,1761685641136,1761685642997,,,
2025-10-28T21:07:22.998Z,BTCUSDT,ws,ws,1,5398717742,112677,0.00034,,,,0,1761685641136,1761685642998,,,
2025-10-28T21:07:22.998Z,BTCUSDT,ws,ws,1,5398717743,112677,7e-05,,,,0,1761685641136,1761685642998,,,
2025-10-28T21:07:22.998Z,BTCUSDT,ws,ws,1,5398717744,112677,5e-05,,,,0,1761685641136,1761685642998,,,
2025-10-28T21:07:22.998Z,BTCUSDT,ws,ws,1,5398717745,112676,0.01293,,,,0,1761685641136,1761685642998,,,
2025-10-28T21:07:22.998Z,BTCUSDT,ws,ws,1,5398717746,112676,0.02307,,,,0,1761685641136,1761685642998,,,
2025-10-28T21:07:22.998Z,BTCUSDT,ws,ws,1,5398717747,112676,0.0002,,,,0,1761685641136,1761685642998,,,
2025-10-28T21:07:22.998Z,BTCUSDT,ws,ws,1,5398717748,112676,0.0002,,,,0,1761685641136,1761685642998,,,
2025-10-28T21:07:22.998Z,BTCUSDT,ws,ws,1,5398717749,112676,5e-05,,,,0,1761685641136,1761685642998,,,
2025-10-28T21:07:22.998Z,BTCUSDT,ws,ws,1,5398717750,112675,5e-05,,,,0,1761685641136,1761685642998,,,
2025-10-28T21:07:22.998Z,BTCUSDT,ws,ws,1,5398717751,112675,0.00401,,,,0,1761685641136,1761685642998,,,
2025-10-28T21:07:22.998Z,BTCUSDT,ws,ws,1,5398717752,112675,0.036,,,,0,1761685641136,1761685642998,,,
2025-10-28T21:07:22.998Z,BTCUSDT,ws,ws,1,5398717753,112674,0.00035,,,,0,1761685641136,1761685642998,,,
2025-10-28T21:07:22.998Z,BTCUSDT,ws,ws,1,5398717754,112674,0.01407,,,,0,1761685641136,1761685642998,,,
2025-10-28T21:07:22.998Z,BTCUSDT,ws,ws,1,5398717755,112674,0.024,,,,0,1761685641136,1761685642998,,,
2025-10-28T21:07:22.998Z,BTCUSDT,ws,ws,1,5398717756,112674,0.075,,,,0,1761685641136,1761685642998,,,
2025-10-28T21:07:22.999Z,BTCUSDT,ws,ws,1,5398717757,112674,0.022,,,,0,1761685641136,1761685642999,,,
2025-10-28T21:07:22.999Z,BTCUSDT,ws,ws,1,5398717758,112674,0.022,,,,0,1761685641136,1761685642999,,,
2025-10-28T21:07:22.999Z,BTCUSDT,ws,ws,1,5398717759,112674,0.023,,,,0,1761685641137,1761685642999,,,
2025-10-28T21:07:22.999Z,BTCUSDT,ws,ws,1,5398717760,112674,0.024,,,,0,1761685641137,1761685642999,,,
2025-10-28T21:07:22.999Z,BTCUSDT,ws,ws,1,5398717761,112674,0.022,,,,0,1761685641137,1761685642999,,,
2025-10-28T21:07:22.999Z,BTCUSDT,ws,ws,1,5398717762,112674,0.023,,,,0,1761685641137,1761685642999,,,
2025-10-28T21:07:22.999Z,BTCUSDT,ws,ws,1,5398717763,112674,0.06,,,,0,1761685641137,1761685642999,,,
2025-10-28T21:07:22.999Z,BTCUSDT,ws,ws,1,5398717764,112674,0.022,,,,0,1761685641137,1761685642999,,,
2025-10-28T21:07:22.999Z,BTCUSDT,ws,ws,1,5398717765,112674,0.023,,,,0,1761685641137,1761685642999,,,
2025-10-28T21:07:22.999Z,BTCUSDT,ws,ws,1,5398717766,112674,0.071,,,,0,1761685641137,1761685642999,,,
2025-10-28T21:07:22.999Z,BTCUSDT,ws,ws,1,5398717767,112674,0.022,,,,0,1761685641137,1761685642999,,,
2025-10-28T21:07:22.999Z,BTCUSDT,ws,ws,1,5398717768,112674,0.072,,,,0,1761685641137,1761685642999,,,
2025-10-28T21:07:22.999Z,BTCUSDT,ws,ws,1,5398717769,112674,0.004,,,,0,1761685641137,1761685642999,,,
2025-10-28T21:07:22.999Z,BTCUSDT,ws,ws,1,5398717770,112674,0.024,,,,0,1761685641137,1761685642999,,,
2025-10-28T21:07:22.999Z,BTCUSDT,ws,ws,1,5398717771,112674,0.022,,,,0,1761685641137,1761685642999,,,
2025-10-28T21:07:22.999Z,BTCUSDT,ws,ws,1,5398717772,112674,0.024,,,,0,1761685641137,1761685642999,,,
2025-10-28T21:07:23.000Z,BTCUSDT,ws,ws,1,5398717773,112674,0.022,,,,0,1761685641137,1761685643000,,,
2025-10-28T21:07:23.000Z,BTCUSDT,ws,ws,1,5398717774,112674,0.024,,,,0,1761685641137,1761685643000,,,
2025-10-28T21:07:23.000Z,BTCUSDT,ws,ws,1,5398717775,112674,0.059,,,,0,1761685641137,1761685643000,,,
2025-10-28T21:07:23.000Z,BTCUSDT,ws,ws,1,5398717776,112674,0.01356,,,,0,1761685641137,1761685643000,,,
2025-10-28T21:07:23.000Z,BTCUSDT,ws,ws,1,5398717777,112674,0.05744,,,,0,1761685641137,1761685643000,,,
2025-10-28T21:07:23.000Z,BTCUSDT,ws,ws,1,5398717778,112674,0.024,,,,0,1761685641137,1761685643000,,,
2025-10-28T21:07:23.000Z,BTCUSDT,ws,ws,1,5398717779,112674,0.024,,,,0,1761685641137,1761685643000,,,
2025-10-28T21:07:23.000Z,BTCUSDT,ws,ws,1,5398717780,112674,0.024,,,,0,1761685641137,1761685643000,,,
2025-10-28T21:07:23.000Z,BTCUSDT,ws,ws,1,5398717781,112674,0.024,,,,0,1761685641137,1761685643000,,,
2025-10-28T21:07:23.000Z,BTCUSDT,ws,ws,1,5398717782,112674,0.071,,,,0,1761685641137,1761685643000,,,
2025-10-28T21:07:23.000Z,BTCUSDT,ws,ws,1,5398717783,112674,0.024,,,,0,1761685641137,1761685643000,,,
2025-10-28T21:07:23.000Z,BTCUSDT,ws,ws,1,5398717784,112674,0.02532,,,,0,1761685641138,1761685643000,,,
2025-10-28T21:07:23.000Z,BTCUSDT,ws,ws,1,5398717785,112674,0.0002,,,,0,1761685641138,1761685643000,,,
2025-10-28T21:07:23.000Z,BTCUSDT,ws,ws,1,5398717786,112674,0.0002,,,,0,1761685641138,1761685643000,,,
2025-10-28T21:07:23.000Z,BTCUSDT,ws,ws,1,5398717787,112674,0.04,,,,0,1761685641138,1761685643000,,,
2025-10-28T21:07:23.000Z,BTCUSDT,ws,ws,1,5398717788,112674,0.00012,,,,0,1761685641138,1761685643000,,,
2025-10-28T21:07:23.001Z,BTCUSDT,ws,ws,1,5398717789,112674,0.0001,,,,0,1761685641138,1761685643000,,,
2025-10-28T21:07:23.001Z,BTCUSDT,ws,ws,1,5398717790,112674,0.00506,,,,0,1761685641138,1761685643001,,,
2025-10-28T21:07:23.001Z,BTCUSDT,ws,ws,1,5398717791,112674,0.02494,,,,0,1761685641138,1761685643001,,,
2025-10-28T21:07:23.001Z,BTCUSDT,ws,ws,1,5398717792,112674,6e-05,,,,0,1761685641138,1761685643001,,,
2025-10-28T21:07:23.001Z,BTCUSDT,ws,ws,1,5398717793,112674,0.00193,,,,0,1761685641138,1761685643001,,,
2025-10-28T21:07:23.001Z,BTCUSDT,ws,ws,1,5398717794,112673,0.00121,,,,0,1761685641138,1761685643001,,,
2025-10-28T21:07:23.001Z,BTCUSDT,ws,ws,1,5398717795,112673,5e-05,,,,0,1761685641138,1761685643001,,,
2025-10-28T21:07:23.001Z,BTCUSDT,ws,ws,1,5398717796,112673,0.0025,,,,0,1761685641138,1761685643001,,,
2025-10-28T21:07:23.001Z,BTCUSDT,ws,ws,1,5398717797,112673,0.02831,,,,0,1761685641138,1761685643001,,,
2025-10-28T21:07:23.001Z,BTCUSDT,ws,ws,1,5398717798,112673,0.00169,,,,0,1761685641138,1761685643001,,,
2025-10-28T21:07:23.001Z,BTCUSDT,ws,ws,1,5398717799,112672,0.0002,,,,0,1761685641138,1761685643001,,,
2025-10-28T21:07:23.001Z,BTCUSDT,ws,ws,1,5398717800,112672,0.0002,,,,0,1761685641138,1761685643001,,,
2025-10-28T21:07:23.001Z,BTCUSDT,ws,ws,1,5398717801,112672,0.00887,,,,0,1761685641138,1761685643001,,,
2025-10-28T21:07:23.001Z,BTCUSDT,ws,ws,1,5398717802,112672,0.00039,,,,0,1761685641138,1761685643001,,,
2025-10-28T21:07:23.001Z,BTCUSDT,ws,ws,1,5398717803,112672,0.01165,,,,0,1761685641138,1761685643001,,,
2025-10-28T21:07:23.002Z,BTCUSDT,ws,ws,1,5398717804,112672,0.02135,,,,0,1761685641138,1761685643002,,,
2025-10-28T21:07:23.002Z,BTCUSDT,ws,ws,1,5398717805,112671,0.00165,,,,0,1761685641138,1761685643002,,,
2025-10-28T21:07:23.002Z,BTCUSDT,ws,ws,1,5398717806,112671,0.022,,,,0,1761685641138,1761685643002,,,
2025-10-28T21:07:23.002Z,BTCUSDT,ws,ws,1,5398717807,112671,0.00935,,,,0,1761685641138,1761685643002,,,
2025-10-28T21:07:23.002Z,BTCUSDT,ws,ws,1,5398717808,112671,0.03,,,,0,1761685641138,1761685643002,,,
2025-10-28T21:07:23.002Z,BTCUSDT,ws,ws,1,5398717809,112671,5e-05,,,,0,1761685641138,1761685643002,,,
2025-10-28T21:07:23.002Z,BTCUSDT,ws,ws,1,5398717810,112671,0.003,,,,0,1761685641138,1761685643002,,,
2025-10-28T21:07:23.002Z,BTCUSDT,ws,ws,1,5398717811,112671,0.0001,,,,0,1761685641138,1761685643002,,,
2025-10-28T21:07:23.002Z,BTCUSDT,ws,ws,1,5398717812,112671,0.0175,,,,0,1761685641138,1761685643002,,,
2025-10-28T21:07:23.002Z,BTCUSDT,ws,ws,1,5398717813,112671,0.0025,,,,0,1761685641138,1761685643002,,,
2025-10-28T21:07:23.002Z,BTCUSDT,ws,ws,1,5398717814,112670,0.0215,,,,0,1761685641138,1761685643002,,,
2025-10-28T21:07:23.002Z,BTCUSDT,ws,ws,1,5398717815,112670,0.0185,,,,0,1761685641138,1761685643002,,,
2025-10-28T21:07:23.002Z,BTCUSDT,ws,ws,1,5398717816,112670,0.0002,,,,0,1761685641138,1761685643002,,,
2025-10-28T21:07:23.002Z,BTCUSDT,ws,ws,1,5398717817,112670,0.0002,,,,0,1761685641138,1761685643002,,,
2025-10-28T21:07:23.002Z,BTCUSDT,ws,ws,1,5398717818,112670,5e-05,,,,0,1761685641138,1761685643002,,,
2025-10-28T21:07:23.003Z,BTCUSDT,ws,ws,1,5398717819,112669,0.00039,,,,0,1761685641138,1761685643003,,,
2025-10-28T21:07:23.003Z,BTCUSDT,ws,ws,1,5398717820,112669,0.00266,,,,0,1761685641138,1761685643003,,,
2025-10-28T21:07:23.003Z,BTCUSDT,ws,ws,1,5398717821,112669,0.01534,,,,0,1761685641138,1761685643003,,,
2025-10-28T21:07:23.003Z,BTCUSDT,ws,ws,1,5398717822,112669,0.0025,,,,0,1761685641138,1761685643003,,,
2025-10-28T21:07:23.003Z,BTCUSDT,ws,ws,1,5398717823,112669,5e-05,,,,0,1761685641138,1761685643003,,,
2025-10-28T21:07:23.003Z,BTCUSDT,ws,ws,1,5398717824,112669,5e-05,,,,0,1761685641138,1761685643003,,,
2025-10-28T21:07:23.003Z,BTCUSDT,ws,ws,1,5398717825,112668,0.0001,,,,0,1761685641138,1761685643003,,,
2025-10-28T21:07:23.003Z,BTCUSDT,ws,ws,1,5398717826,112668,0.00596,,,,0,1761685641138,1761685643003,,,
2025-10-28T21:07:23.003Z,BTCUSDT,ws,ws,1,5398717827,112668,0.075,,,,0,1761685641138,1761685643003,,,
2025-10-28T21:07:23.003Z,BTCUSDT,ws,ws,1,5398717828,112668,0.072,,,,0,1761685641138,1761685643003,,,
2025-10-28T21:07:23.003Z,BTCUSDT,ws,ws,1,5398717829,112668,0.07,,,,0,1761685641138,1761685643003,,,
2025-10-28T21:07:23.003Z,BTCUSDT,ws,ws,1,5398717830,112668,0.022,,,,0,1761685641138,1761685643003,,,
2025-10-28T21:07:23.003Z,BTCUSDT,ws,ws,1,5398717831,112668,0.023,,,,0,1761685641138,1761685643003,,,
2025-10-28T21:07:23.003Z,BTCUSDT,ws,ws,1,5398717832,112668,0.077,,,,0,1761685641138,1761685643003,,,
2025-10-28T21:07:23.003Z,BTCUSDT,ws,ws,1,5398717833,112668,0.023,,,,0,1761685641139,1761685643003,,,
2025-10-28T21:07:23.003Z,BTCUSDT,ws,ws,1,5398717834,112668,0.008,,,,0,1761685641146,1761685643003,,,
2025-10-28T21:07:23.004Z,BTCUSDT,ws,ws,1,5398717835,112668,0.022,,,,0,1761685641153,1761685643004,,,
2025-10-28T21:07:23.004Z,BTCUSDT,ws,ws,1,5398717836,112668,0.023,,,,0,1761685641153,1761685643004,,,
2025-10-28T21:07:23.004Z,BTCUSDT,ws,ws,1,5398717837,112668,0.024,,,,0,1761685641153,1761685643004,,,
2025-10-28T21:07:23.004Z,BTCUSDT,ws,ws,1,5398717838,112668,0.06,,,,0,1761685641153,1761685643004,,,
2025-10-28T21:07:23.004Z,BTCUSDT,ws,ws,1,5398717839,112668,0.022,,,,0,1761685641153,1761685643004,,,
2025-10-28T21:07:23.004Z,BTCUSDT,ws,ws,1,5398717840,112668,0.023,,,,0,1761685641153,1761685643004,,,
2025-10-28T21:07:23.004Z,BTCUSDT,ws,ws,1,5398717841,112668,0.023,,,,0,1761685641153,1761685643004,,,
2025-10-28T21:07:23.004Z,BTCUSDT,ws,ws,1,5398717842,112668,0.023,,,,0,1761685641153,1761685643004,,,
2025-10-28T21:07:23.004Z,BTCUSDT,ws,ws,1,5398717843,112668,0.07,,,,0,1761685641153,1761685643004,,,
2025-10-28T21:07:23.004Z,BTCUSDT,ws,ws,1,5398717844,112668,0.024,,,,0,1761685641153,1761685643004,,,
2025-10-28T21:07:23.004Z,BTCUSDT,ws,ws,1,5398717845,112668,0.024,,,,0,1761685641153,1761685643004,,,
2025-10-28T21:07:23.004Z,BTCUSDT,ws,ws,1,5398717846,112668,0.06,,,,0,1761685641153,1761685643004,,,
2025-10-28T21:07:23.004Z,BTCUSDT,ws,ws,1,5398717847,112668,0.06,,,,0,1761685641153,1761685643004,,,
2025-10-28T21:07:23.004Z,BTCUSDT,ws,ws,1,5398717848,112668,0.024,,,,0,1761685641153,1761685643004,,,
2025-10-28T21:07:23.004Z,BTCUSDT,ws,ws,1,5398717849,112668,0.024,,,,0,1761685641153,1761685643004,,,
2025-10-28T21:07:23.262Z,BTCUSDT,ws,ws,1,5398717850,112668,0.03041,,,,0,1761685641155,1761685643262,,,
2025-10-28T21:07:23.262Z,BTCUSDT,ws,ws,1,5398717851,112668,0.0002,,,,0,1761685641155,1761685643262,,,
2025-10-28T21:07:23.262Z,BTCUSDT,ws,ws,1,5398717852,112668,0.0002,,,,0,1761685641155,1761685643262,,,
2025-10-28T21:07:23.262Z,BTCUSDT,ws,ws,1,5398717853,112667,0.04119,,,,0,1761685641155,1761685643262,,,
2025-10-28T21:07:23.262Z,BTCUSDT,ws,ws,1,5398717854,112667,0.022,,,,0,1761685641155,1761685643262,,,
2025-10-28T21:07:23.262Z,BTCUSDT,ws,ws,1,5398717855,112667,0.024,,,,0,1761685641155,1761685643262,,,
2025-10-28T21:07:23.263Z,BTCUSDT,ws,ws,1,5398717856,112667,0.024,,,,0,1761685641155,1761685643263,,,
2025-10-28T21:07:23.263Z,BTCUSDT,ws,ws,1,5398717857,112667,0.04881,,,,0,1761685641155,1761685643263,,,
2025-10-28T21:07:23.263Z,BTCUSDT,ws,ws,1,5398717858,112667,0.02219,,,,0,1761685641155,1761685643263,,,
2025-10-28T21:07:23.263Z,BTCUSDT,ws,ws,1,5398717859,112667,0.05781,,,,0,1761685641155,1761685643263,,,
2025-10-28T21:07:23.263Z,BTCUSDT,ws,ws,1,5398717860,112667,0.00219,,,,0,1761685641155,1761685643263,,,
2025-10-28T21:07:23.263Z,BTCUSDT,ws,ws,1,5398717861,112667,0.00924,,,,0,1761685641155,1761685643263,,,
2025-10-28T21:07:23.263Z,BTCUSDT,ws,ws,1,5398717862,112666,8e-05,,,,0,1761685641155,1761685643263,,,
2025-10-28T21:07:23.263Z,BTCUSDT,ws,ws,1,5398717863,112666,0.0002,,,,0,1761685641155,1761685643263,,,
2025-10-28T21:07:23.263Z,BTCUSDT,ws,ws,1,5398717864,112666,0.0002,,,,0,1761685641155,1761685643263,,,
2025-10-28T21:07:23.263Z,BTCUSDT,ws,ws,1,5398717865,112666,0.00022,,,,0,1761685641155,1761685643263,,,
2025-10-28T21:07:23.263Z,BTCUSDT,ws,ws,1,5398717866,112666,0.01206,,,,0,1761685641155,1761685643263,,,
2025-10-28T21:07:23.263Z,BTCUSDT,ws,ws,1,5398717867,112666,0.071,,,,0,1761685641155,1761685643263,,,
2025-10-28T21:07:23.263Z,BTCUSDT,ws,ws,1,5398717868,112666,0.06,,,,0,1761685641155,1761685643263,,,
2025-10-28T21:07:23.263Z,BTCUSDT,ws,ws,1,5398717869,112666,0.077,,,,0,1761685641155,1761685643263,,,
2025-10-28T21:07:23.264Z,BTCUSDT,ws,ws,1,5398717870,112666,0.024,,,,0,1761685641155,1761685643263,,,
2025-10-28T21:07:23.264Z,BTCUSDT,ws,ws,1,5398717871,112666,0.023,,,,0,1761685641155,1761685643264,,,
2025-10-28T21:07:23.264Z,BTCUSDT,ws,ws,1,5398717872,112666,0.05246,,,,0,1761685641159,1761685643264,,,
2025-10-28T21:07:23.264Z,BTCUSDT,ws,ws,1,5398717873,112666,0.00034,,,,0,1761685641159,1761685643264,,,
2025-10-28T21:07:23.264Z,BTCUSDT,ws,ws,1,5398717874,112666,5e-05,,,,0,1761685641159,1761685643264,,,
2025-10-28T21:07:23.264Z,BTCUSDT,ws,ws,1,5398717875,112665,5e-05,,,,0,1761685641159,1761685643264,,,
2025-10-28T21:07:23.264Z,BTCUSDT,ws,ws,1,5398717876,112665,0.00039,,,,0,1761685641159,1761685643264,,,
2025-10-28T21:07:23.264Z,BTCUSDT,ws,ws,1,5398717877,112665,0.05571,,,,0,1761685641159,1761685643264,,,
2025-10-28T21:07:23.264Z,BTCUSDT,ws,ws,1,5398717878,112664,0.0025,,,,0,1761685641159,1761685643264,,,
2025-10-28T21:07:23.264Z,BTCUSDT,ws,ws,1,5398717879,112664,5e-05,,,,0,1761685641159,1761685643264,,,
2025-10-28T21:07:23.264Z,BTCUSDT,ws,ws,1,5398717880,112664,0.0002,,,,0,1761685641159,1761685643264,,,
2025-10-28T21:07:23.264Z,BTCUSDT,ws,ws,1,5398717881,112664,0.0002,,,,0,1761685641159,1761685643264,,,
2025-10-28T21:07:23.264Z,BTCUSDT,ws,ws,1,5398717882,112664,5e-05,,,,0,1761685641159,1761685643264,,,
2025-10-28T21:07:23.264Z,BTCUSDT,ws,ws,1,5398717883,112663,0.0001,,,,0,1761685641159,1761685643264,,,
2025-10-28T21:07:23.264Z,BTCUSDT,ws,ws,1,5398717884,112662,6e-05,,,,0,1761685641159,1761685643264,,,
2025-10-28T21:07:23.264Z,BTCUSDT,ws,ws,1,5398717885,112662,0.0102,,,,0,1761685641159,1761685643264,,,
2025-10-28T21:07:23.265Z,BTCUSDT,ws,ws,1,5398717886,112662,0.0002,,,,0,1761685641159,1761685643265,,,
2025-10-28T21:07:23.265Z,BTCUSDT,ws,ws,1,5398717887,112662,0.0002,,,,0,1761685641159,1761685643265,,,
2025-10-28T21:07:23.265Z,BTCUSDT,ws,ws,1,5398717888,112662,0.24668,,,,0,1761685641159,1761685643265,,,
2025-10-28T21:07:23.265Z,BTCUSDT,ws,ws,1,5398717889,112662,0.24668,,,,0,1761685641159,1761685643265,,,
2025-10-28T21:07:23.265Z,BTCUSDT,ws,ws,1,5398717890,112662,5e-05,,,,0,1761685641159,1761685643265,,,
2025-10-28T21:07:23.265Z,BTCUSDT,ws,ws,1,5398717891,112660,0.00039,,,,0,1761685641163,1761685643265,,,
2025-10-28T21:07:23.265Z,BTCUSDT,ws,ws,1,5398717892,112660,0.0002,,,,0,1761685641163,1761685643265,,,
2025-10-28T21:07:23.265Z,BTCUSDT,ws,ws,1,5398717893,112660,0.00018,,,,0,1761685641163,1761685643265,,,
2025-10-28T21:07:23.265Z,BTCUSDT,ws,ws,1,5398717894,112660,2e-05,,,,0,1761685641163,1761685643265,,,
2025-10-28T21:07:23.265Z,BTCUSDT,ws,ws,1,5398717895,112660,0.00324,,,,0,1761685641163,1761685643265,,,
2025-10-28T21:07:23.265Z,BTCUSDT,ws,ws,1,5398717896,112660,0.00326,,,,0,1761685641163,1761685643265,,,
2025-10-28T21:07:23.265Z,BTCUSDT,ws,ws,1,5398717897,112660,0.00077,,,,0,1761685641163,1761685643265,,,
2025-10-28T21:07:23.265Z,BTCUSDT,ws,ws,1,5398717898,112660,0.01048,,,,0,1761685641166,1761685643265,,,
2025-10-28T21:07:23.265Z,BTCUSDT,ws,ws,1,5398717899,112660,0.00171,,,,0,1761685641166,1761685643265,,,
2025-10-28T21:07:23.265Z,BTCUSDT,ws,ws,1,5398717900,112660,5e-05,,,,0,1761685641166,1761685643265,,,
2025-10-28T21:07:23.265Z,BTCUSDT,ws,ws,1,5398717901,112660,0.0001,,,,0,1761685641166,1761685643265,,,
2025-10-28T21:07:23.266Z,BTCUSDT,ws,ws,1,5398717902,112659,0.04666,,,,0,1761685641166,1761685643265,,,
2025-10-28T21:07:23.266Z,BTCUSDT,ws,ws,1,5398717903,112659,0.023,,,,0,1761685641166,1761685643266,,,
2025-10-28T21:07:23.266Z,BTCUSDT,ws,ws,1,5398717904,112659,0.072,,,,0,1761685641166,1761685643266,,,
2025-10-28T21:07:23.266Z,BTCUSDT,ws,ws,1,5398717905,112659,0.071,,,,0,1761685641166,1761685643266,,,
2025-10-28T21:07:23.266Z,BTCUSDT,ws,ws,1,5398717906,112659,0.022,,,,0,1761685641166,1761685643266,,,
2025-10-28T21:07:23.266Z,BTCUSDT,ws,ws,1,5398717907,112659,0.024,,,,0,1761685641166,1761685643266,,,
2025-10-28T21:07:23.266Z,BTCUSDT,ws,ws,1,5398717908,112659,0.06088,,,,0,1761685641166,1761685643266,,,
2025-10-28T21:07:23.266Z,BTCUSDT,ws,ws,1,5398717909,112659,0.0102,,,,0,1761685641166,1761685643266,,,
2025-10-28T21:07:23.266Z,BTCUSDT,ws,ws,1,5398717910,112658,5e-05,,,,0,1761685641166,1761685643266,,,
2025-10-28T21:07:23.266Z,BTCUSDT,ws,ws,1,5398717911,112658,0.0002,,,,0,1761685641166,1761685643266,,,
2025-10-28T21:07:23.266Z,BTCUSDT,ws,ws,1,5398717912,112658,0.0002,,,,0,1761685641166,1761685643266,,,
2025-10-28T21:07:23.266Z,BTCUSDT,ws,ws,1,5398717913,112657,5e-05,,,,0,1761685641166,1761685643266,,,
2025-10-28T21:07:23.267Z,BTCUSDT,ws,ws,1,5398717914,112656,0.00342,,,,0,1761685641166,1761685643267,,,
2025-10-28T21:07:23.267Z,BTCUSDT,ws,ws,1,5398717915,112656,0.024,,,,0,1761685641166,1761685643267,,,
2025-10-28T21:07:23.267Z,BTCUSDT,ws,ws,1,5398717916,112656,0.023,,,,0,1761685641166,1761685643267,,,
2025-10-28T21:07:23.267Z,BTCUSDT,ws,ws,1,5398717917,112656,0.024,,,,0,1761685641166,1761685643267,,,
2025-10-28T21:07:23.267Z,BTCUSDT,ws,ws,1,5398717918,112656,0.024,,,,0,1761685641166,1761685643267,,,
2025-10-28T21:07:23.267Z,BTCUSDT,ws,ws,1,5398717919,112656,0.21658,,,,0,1761685641179,1761685643267,,,
2025-10-28T21:07:23.267Z,BTCUSDT,ws,ws,1,5398717920,112656,0.0001,,,,0,1761685641179,1761685643267,,,
2025-10-28T21:07:23.267Z,BTCUSDT,ws,ws,1,5398717921,112656,0.0002,,,,0,1761685641179,1761685643267,,,
2025-10-28T21:07:23.537Z,BTCUSDT,ws,ws,1,5398717922,112656,0.0002,,,,0,1761685641179,1761685643537,,,
2025-10-28T21:07:23.538Z,BTCUSDT,ws,ws,1,5398717923,112655,0.0025,,,,0,1761685641179,1761685643538,,,
2025-10-28T21:07:23.538Z,BTCUSDT,ws,ws,1,5398717924,112655,5e-05,,,,0,1761685641179,1761685643538,,,
2025-10-28T21:07:23.538Z,BTCUSDT,ws,ws,1,5398717925,112655,0.18435,,,,0,1761685641179,1761685643538,,,
2025-10-28T21:07:23.538Z,BTCUSDT,ws,ws,1,5398717926,112654,0.001,,,,0,1761685641179,1761685643538,,,
2025-10-28T21:07:23.538Z,BTCUSDT,ws,ws,1,5398717927,112654,0.0002,,,,0,1761685641179,1761685643538,,,
2025-10-28T21:07:23.538Z,BTCUSDT,ws,ws,1,5398717928,112654,0.0002,,,,0,1761685641179,1761685643538,,,
2025-10-28T21:07:23.538Z,BTCUSDT,ws,ws,1,5398717929,112654,5e-05,,,,0,1761685641179,1761685643538,,,
2025-10-28T21:07:23.538Z,BTCUSDT,ws,ws,1,5398717930,112654,7e-05,,,,0,1761685641179,1761685643538,,,
2025-10-28T21:07:23.539Z,BTCUSDT,ws,ws,1,5398717931,112653,5e-05,,,,0,1761685641179,1761685643539,,,
2025-10-28T21:07:23.539Z,BTCUSDT,ws,ws,1,5398717932,112653,0.31956,,,,0,1761685641179,1761685643539,,,
2025-10-28T21:07:23.539Z,BTCUSDT,ws,ws,1,5398717933,112653,0.02663,,,,0,1761685641179,1761685643539,,,
2025-10-28T21:07:23.539Z,BTCUSDT,ws,ws,1,5398717934,112653,5e-05,,,,0,1761685641179,1761685643539,,,
2025-10-28T21:07:23.539Z,BTCUSDT,ws,ws,1,5398717935,112652,0.0002,,,,0,1761685641180,1761685643539,,,
2025-10-28T21:07:23.539Z,BTCUSDT,ws,ws,1,5398717936,112652,0.0002,,,,0,1761685641180,1761685643539,,,
2025-10-28T21:07:23.539Z,BTCUSDT,ws,ws,1,5398717937,112652,1.01944,,,,0,1761685641180,1761685643539,,,
2025-10-28T21:07:23.539Z,BTCUSDT,ws,ws,1,5398717938,112651,6e-05,,,,0,1761685641180,1761685643539,,,
2025-10-28T21:07:23.539Z,BTCUSDT,ws,ws,1,5398717939,112651,0.0025,,,,0,1761685641180,1761685643539,,,
2025-10-28T21:07:23.539Z,BTCUSDT,ws,ws,1,5398717940,112651,0.0001,,,,0,1761685641180,1761685643539,,,
2025-10-28T21:07:23.539Z,BTCUSDT,ws,ws,1,5398717941,112651,0.00944,,,,0,1761685641180,1761685643539,,,
2025-10-28T21:07:23.539Z,BTCUSDT,ws,ws,1,5398717942,112650,0.02,,,,0,1761685641180,1761685643539,,,
2025-10-28T21:07:23.539Z,BTCUSDT,ws,ws,1,5398717943,112650,0.0002,,,,0,1761685641180,1761685643539,,,
2025-10-28T21:07:23.539Z,BTCUSDT,ws,ws,1,5398717944,112650,0.0002,,,,0,1761685641180,1761685643539,,,
2025-10-28T21:07:23.539Z,BTCUSDT,ws,ws,1,5398717945,112650,0.05996,,,,0,1761685641180,1761685643539,,,
2025-10-28T21:07:23.539Z,BTCUSDT,ws,ws,1,5398717946,112650,0.15082,,,,0,1761685641180,1761685643539,,,
2025-10-28T21:07:23.540Z,BTCUSDT,ws,ws,1,5398717947,112649,5e-05,,,,0,1761685641180,1761685643540,,,
2025-10-28T21:07:23.540Z,BTCUSDT,ws,ws,1,5398717948,112649,0.06792,,,,0,1761685641180,1761685643540,,,
2025-10-28T21:07:23.540Z,BTCUSDT,ws,ws,1,5398717949,112649,0.07545,,,,0,1761685641180,1761685643540,,,
2025-10-28T21:07:23.540Z,BTCUSDT,ws,ws,1,5398717950,112649,0.00012,,,,0,1761685641180,1761685643540,,,
2025-10-28T21:07:23.540Z,BTCUSDT,ws,ws,1,5398717951,112648,5e-05,,,,0,1761685641180,1761685643540,,,
2025-10-28T21:07:23.540Z,BTCUSDT,ws,ws,1,5398717952,112648,0.0002,,,,0,1761685641180,1761685643540,,,
2025-10-28T21:07:23.540Z,BTCUSDT,ws,ws,1,5398717953,112648,0.0002,,,,0,1761685641180,1761685643540,,,
2025-10-28T21:07:23.540Z,BTCUSDT,ws,ws,1,5398717954,112647,5e-05,,,,0,1761685641180,1761685643540,,,
2025-10-28T21:07:23.540Z,BTCUSDT,ws,ws,1,5398717955,112646,0.0025,,,,0,1761685641180,1761685643540,,,
2025-10-28T21:07:23.540Z,BTCUSDT,ws,ws,1,5398717956,112646,0.22629,,,,0,1761685641180,1761685643540,,,
2025-10-28T21:07:23.540Z,BTCUSDT,ws,ws,1,5398717957,112646,0.0002,,,,0,1761685641180,1761685643540,,,
2025-10-28T21:07:23.540Z,BTCUSDT,ws,ws,1,5398717958,112646,0.0002,,,,0,1761685641180,1761685643540,,,
2025-10-28T21:07:23.540Z,BTCUSDT,ws,ws,1,5398717959,112646,0.0001,,,,0,1761685641180,1761685643540,,,
2025-10-28T21:07:23.540Z,BTCUSDT,ws,ws,1,5398717960,112646,0.01774,,,,0,1761685641180,1761685643540,,,
2025-10-28T21:07:23.540Z,BTCUSDT,ws,ws,1,5398717961,112645,0.315,,,,0,1761685641180,1761685643540,,,
2025-10-28T21:07:23.540Z,BTCUSDT,ws,ws,1,5398717962,112645,5e-05,,,,0,1761685641180,1761685643540,,,
2025-10-28T21:07:23.541Z,BTCUSDT,ws,ws,1,5398717963,112645,0.036,,,,0,1761685641180,1761685643541,,,
2025-10-28T21:07:23.541Z,BTCUSDT,ws,ws,1,5398717964,112645,5e-05,,,,0,1761685641180,1761685643541,,,
2025-10-28T21:07:23.541Z,BTCUSDT,ws,ws,1,5398717965,112644,0.0002,,,,0,1761685641180,1761685643541,,,
2025-10-28T21:07:23.541Z,BTCUSDT,ws,ws,1,5398717966,112644,0.0002,,,,0,1761685641180,1761685643541,,,
2025-10-28T21:07:23.541Z,BTCUSDT,ws,ws,1,5398717967,112644,5e-05,,,,0,1761685641180,1761685643541,,,
2025-10-28T21:07:23.541Z,BTCUSDT,ws,ws,1,5398717968,112643,0.03,,,,0,1761685641180,1761685643541,,,
2025-10-28T21:07:23.541Z,BTCUSDT,ws,ws,1,5398717969,112643,0.04274,,,,0,1761685641180,1761685643541,,,
2025-10-28T21:07:23.541Z,BTCUSDT,ws,ws,1,5398717970,112642,7e-05,,,,0,1761685641180,1761685643541,,,
2025-10-28T21:07:23.541Z,BTCUSDT,ws,ws,1,5398717971,112642,0.042,,,,0,1761685641180,1761685643541,,,
2025-10-28T21:07:23.541Z,BTCUSDT,ws,ws,1,5398717972,112642,0.0002,,,,0,1761685641180,1761685643541,,,
2025-10-28T21:07:23.541Z,BTCUSDT,ws,ws,1,5398717973,112642,0.0002,,,,0,1761685641180,1761685643541,,,
2025-10-28T21:07:23.541Z,BTCUSDT,ws,ws,1,5398717974,112642,0.0001,,,,0,1761685641180,1761685643541,,,
2025-10-28T21:07:23.541Z,BTCUSDT,ws,ws,1,5398717975,112642,0.0025,,,,0,1761685641180,1761685643541,,,
2025-10-28T21:07:23.541Z,BTCUSDT,ws,ws,1,5398717976,112642,7e-05,,,,0,1761685641180,1761685643541,,,
2025-10-28T21:07:23.541Z,BTCUSDT,ws,ws,1,5398717977,112641,5e-05,,,,0,1761685641180,1761685643541,,,
2025-10-28T21:07:23.541Z,BTCUSDT,ws,ws,1,5398717978,112641,5e-05,,,,0,1761685641180,1761685643541,,,
2025-10-28T21:07:23.542Z,BTCUSDT,ws,ws,1,5398717979,112641,0.15092,,,,0,1761685641180,1761685643542,,,
2025-10-28T21:07:23.542Z,BTCUSDT,ws,ws,1,5398717980,112640,0.01151,,,,0,1761685641180,1761685643542,,,
2025-10-28T21:07:23.542Z,BTCUSDT,ws,ws,1,5398717981,112640,5e-05,,,,0,1761685641180,1761685643542,,,
2025-10-28T21:07:23.542Z,BTCUSDT,ws,ws,1,5398717982,112640,0.0002,,,,0,1761685641180,1761685643542,,,
2025-10-28T21:07:23.542Z,BTCUSDT,ws,ws,1,5398717983,112640,0.0002,,,,0,1761685641180,1761685643542,,,
2025-10-28T21:07:23.542Z,BTCUSDT,ws,ws,1,5398717984,112640,0.00604,,,,0,1761685641180,1761685643542,,,
2025-10-28T21:07:23.542Z,BTCUSDT,ws,ws,1,5398717985,112640,0.01171,,,,0,1761685641187,1761685643542,,,
2025-10-28T21:07:23.542Z,BTCUSDT,ws,ws,1,5398717986,112640,6e-05,,,,0,1761685641187,1761685643542,,,
2025-10-28T21:07:23.542Z,BTCUSDT,ws,ws,1,5398717987,112639,0.0001,,,,0,1761685641187,1761685643542,,,
2025-10-28T21:07:23.542Z,BTCUSDT,ws,ws,1,5398717988,112638,0.033,,,,0,1761685641187,1761685643542,,,
2025-10-28T21:07:23.542Z,BTCUSDT,ws,ws,1,5398717989,112638,0.0002,,,,0,1761685641187,1761685643542,,,
2025-10-28T21:07:23.542Z,BTCUSDT,ws,ws,1,5398717990,112638,0.0002,,,,0,1761685641187,1761685643542,,,
2025-10-28T21:07:23.542Z,BTCUSDT,ws,ws,1,5398717991,112637,5e-05,,,,0,1761685641187,1761685643542,,,
2025-10-28T21:07:23.542Z,BTCUSDT,ws,ws,1,5398717992,112637,0.00168,,,,0,1761685641187,1761685643542,,,
2025-10-28T21:07:23.542Z,BTCUSDT,ws,ws,1,5398717993,112637,0.00082,,,,0,1761685641188,1761685643542,,,
2025-10-28T21:07:23.543Z,BTCUSDT,ws,ws,1,5398717994,112636,0.0002,,,,0,1761685641188,1761685643542,,,
2025-10-28T21:07:23.543Z,BTCUSDT,ws,ws,1,5398717995,112636,0.0002,,,,0,1761685641188,1761685643543,,,
2025-10-28T21:07:23.543Z,BTCUSDT,ws,ws,1,5398717996,112636,0.0001,,,,0,1761685641188,1761685643543,,,
2025-10-28T21:07:23.543Z,BTCUSDT,ws,ws,1,5398717997,112635,5e-05,,,,0,1761685641188,1761685643543,,,
2025-10-28T21:07:23.543Z,BTCUSDT,ws,ws,1,5398717998,112634,5e-05,,,,0,1761685641188,1761685643543,,,
2025-10-28T21:07:23.543Z,BTCUSDT,ws,ws,1,5398717999,112634,0.0002,,,,0,1761685641188,1761685643543,,,
2025-10-28T21:07:23.543Z,BTCUSDT,ws,ws,1,5398718000,112634,0.0002,,,,0,1761685641188,1761685643543,,,
2025-10-28T21:07:23.543Z,BTCUSDT,ws,ws,1,5398718001,112634,0.07018,,,,0,1761685641188,1761685643543,,,
2025-10-28T21:07:23.543Z,BTCUSDT,ws,ws,1,5398718002,112634,0.024,,,,0,1761685641188,1761685643543,,,
2025-10-28T21:07:23.543Z,BTCUSDT,ws,ws,1,5398718003,112634,0.024,,,,0,1761685641188,1761685643543,,,
2025-10-28T21:07:23.543Z,BTCUSDT,ws,ws,1,5398718004,112634,0.06,,,,0,1761685641188,1761685643543,,,
2025-10-28T21:07:23.543Z,BTCUSDT,ws,ws,1,5398718005,112634,0.023,,,,0,1761685641188,1761685643543,,,
2025-10-28T21:07:23.543Z,BTCUSDT,ws,ws,1,5398718006,112634,0.022,,,,0,1761685641188,1761685643543,,,
2025-10-28T21:07:23.543Z,BTCUSDT,ws,ws,1,5398718007,112634,0.024,,,,0,1761685641188,1761685643543,,,
2025-10-28T21:07:23.543Z,BTCUSDT,ws,ws,1,5398718008,112634,0.06782,,,,0,1761685641188,1761685643543,,,
2025-10-28T21:07:23.544Z,BTCUSDT,ws,ws,1,5398718009,112633,5e-05,,,,0,1761685641188,1761685643543,,,
2025-10-28T21:07:23.544Z,BTCUSDT,ws,ws,1,5398718010,112633,0.00913,,,,0,1761685641188,1761685643544,,,
2025-10-28T21:07:23.544Z,BTCUSDT,ws,ws,1,5398718011,112633,0.024,,,,0,1761685641188,1761685643544,,,
2025-10-28T21:07:23.544Z,BTCUSDT,ws,ws,1,5398718012,112633,0.06,,,,0,1761685641188,1761685643544,,,
2025-10-28T21:07:23.544Z,BTCUSDT,ws,ws,1,5398718013,112633,0.024,,,,0,1761685641188,1761685643544,,,
2025-10-28T21:07:23.544Z,BTCUSDT,ws,ws,1,5398718014,112633,0.023,,,,0,1761685641188,1761685643544,,,
2025-10-28T21:07:23.544Z,BTCUSDT,ws,ws,1,5398718015,112633,0.024,,,,0,1761685641188,1761685643544,,,
2025-10-28T21:07:23.544Z,BTCUSDT,ws,ws,1,5398718016,112633,0.072,,,,0,1761685641188,1761685643544,,,
2025-10-28T21:07:23.544Z,BTCUSDT,ws,ws,1,5398718017,112633,0.023,,,,0,1761685641188,1761685643544,,,
2025-10-28T21:07:23.544Z,BTCUSDT,ws,ws,1,5398718018,112633,0.00703,,,,0,1761685641188,1761685643544,,,
2025-10-28T21:07:23.544Z,BTCUSDT,ws,ws,1,5398718019,112633,0.0025,,,,0,1761685641188,1761685643544,,,
2025-10-28T21:07:23.544Z,BTCUSDT,ws,ws,1,5398718020,112632,8e-05,,,,0,1761685641188,1761685643544,,,
2025-10-28T21:07:23.544Z,BTCUSDT,ws,ws,1,5398718021,112632,0.0002,,,,0,1761685641188,1761685643544,,,
2025-10-28T21:07:23.544Z,BTCUSDT,ws,ws,1,5398718022,112632,0.0002,,,,0,1761685641188,1761685643544,,,
2025-10-28T21:07:23.544Z,BTCUSDT,ws,ws,1,5398718023,112631,7e-05,,,,0,1761685641188,1761685643544,,,
2025-10-28T21:07:23.545Z,BTCUSDT,ws,ws,1,5398718024,112631,0.03,,,,0,1761685641188,1761685643545,,,
2025-10-28T21:07:23.545Z,BTCUSDT,ws,ws,1,5398718025,112630,0.0001,,,,0,1761685641188,1761685643545,,,
2025-10-28T21:07:23.545Z,BTCUSDT,ws,ws,1,5398718026,112630,0.0002,,,,0,1761685641188,1761685643545,,,
2025-10-28T21:07:23.545Z,BTCUSDT,ws,ws,1,5398718027,112630,0.0002,,,,0,1761685641188,1761685643545,,,
2025-10-28T21:07:23.545Z,BTCUSDT,ws,ws,1,5398718028,112630,8e-05,,,,0,1761685641188,1761685643545,,,
2025-10-28T21:07:23.545Z,BTCUSDT,ws,ws,1,5398718029,112630,5e-05,,,,0,1761685641188,1761685643545,,,
2025-10-28T21:07:23.545Z,BTCUSDT,ws,ws,1,5398718030,112629,5e-05,,,,0,1761685641188,1761685643545,,,
2025-10-28T21:07:23.545Z,BTCUSDT,ws,ws,1,5398718031,112628,0.03,,,,0,1761685641188,1761685643545,,,
2025-10-28T21:07:23.545Z,BTCUSDT,ws,ws,1,5398718032,112628,0.00024,,,,0,1761685641188,1761685643545,,,
2025-10-28T21:07:23.545Z,BTCUSDT,ws,ws,1,5398718033,112628,0.00226,,,,0,1761685641188,1761685643545,,,
2025-10-28T21:07:23.545Z,BTCUSDT,ws,ws,1,5398718034,112628,6e-05,,,,0,1761685641188,1761685643545,,,
2025-10-28T21:07:23.545Z,BTCUSDT,ws,ws,1,5398718035,112628,0.0002,,,,0,1761685641188,1761685643545,,,
2025-10-28T21:07:23.545Z,BTCUSDT,ws,ws,1,5398718036,112628,0.0002,,,,0,1761685641188,1761685643545,,,
2025-10-28T21:07:23.545Z,BTCUSDT,ws,ws,1,5398718037,112628,0.00617,,,,0,1761685641188,1761685643545,,,
2025-10-28T21:07:23.546Z,BTCUSDT,ws,ws,1,5398718038,112627,5e-05,,,,0,1761685641188,1761685643545,,,
2025-10-28T21:07:23.546Z,BTCUSDT,ws,ws,1,5398718039,112627,0.00016,,,,0,1761685641188,1761685643546,,,
2025-10-28T21:07:23.546Z,BTCUSDT,ws,ws,1,5398718040,112627,0.0149,,,,0,1761685641188,1761685643546,,,
2025-10-28T21:07:23.546Z,BTCUSDT,ws,ws,1,5398718041,112627,0.0451,,,,0,1761685641202,1761685643546,,,
2025-10-28T21:07:23.546Z,BTCUSDT,ws,ws,1,5398718042,112627,0.0149,,,,0,1761685641202,1761685643546,,,
2025-10-28T21:07:23.546Z,BTCUSDT,ws,ws,1,5398718043,112627,0.0158,,,,0,1761685641202,1761685643546,,,
2025-10-28T21:07:23.546Z,BTCUSDT,ws,ws,1,5398718044,112627,0.0072,,,,0,1761685641202,1761685643546,,,
2025-10-28T21:07:23.546Z,BTCUSDT,ws,ws,1,5398718045,112627,0.0258,,,,0,1761685641202,1761685643546,,,
2025-10-28T21:07:23.546Z,BTCUSDT,ws,ws,1,5398718046,112627,0.033,,,,0,1761685641202,1761685643546,,,
2025-10-28T21:07:23.546Z,BTCUSDT,ws,ws,1,5398718047,112626,0.0132,,,,0,1761685641202,1761685643546,,,
2025-10-28T21:07:23.546Z,BTCUSDT,ws,ws,1,5398718048,112626,0.0228,,,,0,1761685641202,1761685643546,,,
2025-10-28T21:07:23.546Z,BTCUSDT,ws,ws,1,5398718049,112626,0.0002,,,,0,1761685641202,1761685643546,,,
2025-10-28T21:07:23.546Z,BTCUSDT,ws,ws,1,5398718050,112626,0.0002,,,,0,1761685641202,1761685643546,,,
2025-10-28T21:07:23.546Z,BTCUSDT,ws,ws,1,5398718051,112625,5e-05,,,,0,1761685641202,1761685643546,,,
2025-10-28T21:07:23.547Z,BTCUSDT,ws,ws,1,5398718052,112625,0.00427,,,,0,1761685641202,1761685643546,,,
2025-10-28T21:07:23.547Z,BTCUSDT,ws,ws,1,5398718053,112624,5e-05,,,,0,1761685641202,1761685643547,,,
2025-10-28T21:07:23.547Z,BTCUSDT,ws,ws,1,5398718054,112624,5e-05,,,,0,1761685641202,1761685643547,,,
2025-10-28T21:07:23.547Z,BTCUSDT,ws,ws,1,5398718055,112624,0.0002,,,,0,1761685641202,1761685643547,,,
2025-10-28T21:07:23.547Z,BTCUSDT,ws,ws,1,5398718056,112624,0.0002,,,,0,1761685641202,1761685643547,,,
2025-10-28T21:07:23.547Z,BTCUSDT,ws,ws,1,5398718057,112622,0.0002,,,,0,1761685641202,1761685643547,,,
2025-10-28T21:07:23.547Z,BTCUSDT,ws,ws,1,5398718058,112622,0.0002,,,,0,1761685641202,1761685643547,,,
2025-10-28T21:07:23.547Z,BTCUSDT,ws,ws,1,5398718059,112622,0.01858,,,,0,1761685641202,1761685643547,,,
2025-10-28T21:07:23.547Z,BTCUSDT,ws,ws,1,5398718060,112622,0.01442,,,,0,1761685641202,1761685643547,,,
2025-10-28T21:07:23.547Z,BTCUSDT,ws,ws,1,5398718061,112622,0.00858,,,,0,1761685641202,1761685643547,,,
2025-10-28T21:07:23.547Z,BTCUSDT,ws,ws,1,5398718062,112622,0.024,,,,0,1761685641202,1761685643547,,,
2025-10-28T21:07:23.547Z,BTCUSDT,ws,ws,1,5398718063,112622,0.00042,,,,0,1761685641202,1761685643547,,,
2025-10-28T21:07:23.547Z,BTCUSDT,ws,ws,1,5398718064,112621,0.03,,,,0,1761685641202,1761685643547,,,
2025-10-28T21:07:23.547Z,BTCUSDT,ws,ws,1,5398718065,112621,0.04058,,,,0,1761685641202,1761685643547,,,
2025-10-28T21:07:23.547Z,BTCUSDT,ws,ws,1,5398718066,112621,0.023,,,,0,1761685641203,1761685643547,,,
2025-10-28T21:07:23.547Z,BTCUSDT,ws,ws,1,5398718067,112621,0.023,,,,0,1761685641203,1761685643547,,,
2025-10-28T21:07:23.548Z,BTCUSDT,ws,ws,1,5398718068,112621,0.024,,,,0,1761685641203,1761685643548,,,
2025-10-28T21:07:23.805Z,BTCUSDT,ws,ws,1,5398718069,112621,0.023,,,,0,1761685641211,1761685643805,,,
2025-10-28T21:07:23.805Z,BTCUSDT,ws,ws,1,5398718070,112621,0.023,,,,0,1761685641211,1761685643805,,,
2025-10-28T21:07:23.805Z,BTCUSDT,ws,ws,1,5398718071,112621,0.022,,,,0,1761685641211,1761685643805,,,
2025-10-28T21:07:23.805Z,BTCUSDT,ws,ws,1,5398718072,112621,0.06935,,,,0,1761685641211,1761685643805,,,
2025-10-28T21:07:23.806Z,BTCUSDT,ws,ws,1,5398718073,112621,5e-05,,,,0,1761685641211,1761685643806,,,
2025-10-28T21:07:23.806Z,BTCUSDT,ws,ws,1,5398718074,112620,0.00432,,,,0,1761685641211,1761685643806,,,
2025-10-28T21:07:23.806Z,BTCUSDT,ws,ws,1,5398718075,112620,0.0002,,,,0,1761685641211,1761685643806,,,
2025-10-28T21:07:23.806Z,BTCUSDT,ws,ws,1,5398718076,112620,0.0002,,,,0,1761685641211,1761685643806,,,
2025-10-28T21:07:23.806Z,BTCUSDT,ws,ws,1,5398718077,112620,0.00188,,,,0,1761685641211,1761685643806,,,
2025-10-28T21:07:23.806Z,BTCUSDT,ws,ws,1,5398718078,112620,0.01588,,,,0,1761685641212,1761685643806,,,
2025-10-28T21:07:23.806Z,BTCUSDT,ws,ws,1,5398718079,112619,7e-05,,,,0,1761685641212,1761685643806,,,
2025-10-28T21:07:23.806Z,BTCUSDT,ws,ws,1,5398718080,112619,0.0025,,,,0,1761685641212,1761685643806,,,
2025-10-28T21:07:23.806Z,BTCUSDT,ws,ws,1,5398718081,112618,5e-05,,,,0,1761685641212,1761685643806,,,
2025-10-28T21:07:23.806Z,BTCUSDT,ws,ws,1,5398718082,112618,0.0002,,,,0,1761685641212,1761685643806,,,
2025-10-28T21:07:23.807Z,BTCUSDT,ws,ws,1,5398718083,112618,0.0002,,,,0,1761685641212,1761685643806,,,
2025-10-28T21:07:23.807Z,BTCUSDT,ws,ws,1,5398718084,112618,5e-05,,,,0,1761685641212,1761685643807,,,
2025-10-28T21:07:23.807Z,BTCUSDT,ws,ws,1,5398718085,112617,0.0001,,,,0,1761685641212,1761685643807,,,
2025-10-28T21:07:23.807Z,BTCUSDT,ws,ws,1,5398718086,112617,0.036,,,,0,1761685641212,1761685643807,,,
2025-10-28T21:07:23.807Z,BTCUSDT,ws,ws,1,5398718087,112617,6e-05,,,,0,1761685641212,1761685643807,,,
2025-10-28T21:07:23.807Z,BTCUSDT,ws,ws,1,5398718088,112616,0.0002,,,,0,1761685641212,1761685643807,,,
2025-10-28T21:07:23.807Z,BTCUSDT,ws,ws,1,5398718089,112616,0.0002,,,,0,1761685641212,1761685643807,,,
2025-10-28T21:07:23.807Z,BTCUSDT,ws,ws,1,5398718090,112616,0.00449,,,,0,1761685641212,1761685643807,,,
2025-10-28T21:07:23.807Z,BTCUSDT,ws,ws,1,5398718091,112616,0.023,,,,0,1761685641212,1761685643807,,,
2025-10-28T21:07:23.807Z,BTCUSDT,ws,ws,1,5398718092,112671,5e-05,,,,0,1761685641216,1761685643807,,,
2025-10-28T21:07:23.807Z,BTCUSDT,ws,ws,1,5398718093,112671,5e-05,,,,0,1761685641216,1761685643807,,,
2025-10-28T21:07:23.807Z,BTCUSDT,ws,ws,1,5398718094,112671,5e-05,,,,0,1761685641216,1761685643807,,,
2025-10-28T21:07:23.808Z,BTCUSDT,ws,ws,1,5398718095,112668,5e-05,,,,0,1761685641216,1761685643808,,,
2025-10-28T21:07:23.808Z,BTCUSDT,ws,ws,1,5398718096,112668,5e-05,,,,0,1761685641216,1761685643808,,,
2025-10-28T21:07:23.808Z,BTCUSDT,ws,ws,1,5398718097,112616,0.02275,,,,0,1761685641216,1761685643808,,,
2025-10-28T21:07:23.808Z,BTCUSDT,ws,ws,1,5398718098,112616,0.023,,,,0,1761685641216,1761685643808,,,
2025-10-28T21:07:23.808Z,BTCUSDT,ws,ws,1,5398718099,112616,0.022,,,,0,1761685641216,1761685643808,,,
2025-10-28T21:07:23.808Z,BTCUSDT,ws,ws,1,5398718100,112616,0.022,,,,0,1761685641216,1761685643808,,,
2025-10-28T21:07:23.808Z,BTCUSDT,ws,ws,1,5398718101,112616,0.023,,,,0,1761685641216,1761685643808,,,
2025-10-28T21:07:23.808Z,BTCUSDT,ws,ws,1,5398718102,112616,0.06,,,,0,1761685641222,1761685643808,,,
2025-10-28T21:07:23.808Z,BTCUSDT,ws,ws,1,5398718103,112616,0.072,,,,0,1761685641222,1761685643808,,,
2025-10-28T21:07:23.808Z,BTCUSDT,ws,ws,1,5398718104,112616,0.04276,,,,0,1761685641222,1761685643808,,,
2025-10-28T21:07:23.808Z,BTCUSDT,ws,ws,1,5398718105,112615,0.02924,,,,0,1761685641222,1761685643808,,,
2025-10-28T21:07:23.808Z,BTCUSDT,ws,ws,1,5398718106,112615,0.00076,,,,0,1761685641222,1761685643808,,,
2025-10-28T21:07:23.808Z,BTCUSDT,ws,ws,1,5398718107,112615,8e-05,,,,0,1761685641222,1761685643808,,,
2025-10-28T21:07:23.808Z,BTCUSDT,ws,ws,1,5398718108,112615,0.0025,,,,0,1761685641222,1761685643808,,,
2025-10-28T21:07:23.808Z,BTCUSDT,ws,ws,1,5398718109,112614,0.00172,,,,0,1761685641222,1761685643808,,,
2025-10-28T21:07:23.808Z,BTCUSDT,ws,ws,1,5398718110,112614,0.0001,,,,0,1761685641222,1761685643808,,,
2025-10-28T21:07:23.809Z,BTCUSDT,ws,ws,1,5398718111,112614,0.0002,,,,0,1761685641222,1761685643809,,,
2025-10-28T21:07:23.809Z,BTCUSDT,ws,ws,1,5398718112,112614,0.0002,,,,0,1761685641222,1761685643809,,,
2025-10-28T21:07:23.809Z,BTCUSDT,ws,ws,1,5398718113,112614,0.01844,,,,0,1761685641222,1761685643809,,,
2025-10-28T21:07:23.809Z,BTCUSDT,ws,ws,1,5398718114,112614,0.022,,,,0,1761685641222,1761685643809,,,
2025-10-28T21:07:23.809Z,BTCUSDT,ws,ws,1,5398718115,112614,0.00156,,,,0,1761685641222,1761685643809,,,
2025-10-28T21:07:23.809Z,BTCUSDT,ws,ws,1,5398718116,112614,5e-05,,,,0,1761685641222,1761685643809,,,
2025-10-28T21:07:23.809Z,BTCUSDT,ws,ws,1,5398718117,112614,5e-05,,,,0,1761685641222,1761685643809,,,
2025-10-28T21:07:23.809Z,BTCUSDT,ws,ws,1,5398718118,112613,0.00682,,,,0,1761685641222,1761685643809,,,
2025-10-28T21:07:23.809Z,BTCUSDT,ws,ws,1,5398718119,112613,5e-05,,,,0,1761685641222,1761685643809,,,
2025-10-28T21:07:23.809Z,BTCUSDT,ws,ws,1,5398718120,112612,0.0002,,,,0,1761685641222,1761685643809,,,
2025-10-28T21:07:23.809Z,BTCUSDT,ws,ws,1,5398718121,112612,0.0002,,,,0,1761685641222,1761685643809,,,
2025-10-28T21:07:23.809Z,BTCUSDT,ws,ws,1,5398718122,112611,0.00112,,,,0,1761685641222,1761685643809,,,
2025-10-28T21:07:23.810Z,BTCUSDT,ws,ws,1,5398718123,112611,0.00887,,,,0,1761685641222,1761685643809,,,
2025-10-28T21:07:23.810Z,BTCUSDT,ws,ws,1,5398718124,112611,0.0001,,,,0,1761685641222,1761685643810,,,
2025-10-28T21:07:23.810Z,BTCUSDT,ws,ws,1,5398718125,112610,0.0025,,,,0,1761685641222,1761685643810,,,
2025-10-28T21:07:23.810Z,BTCUSDT,ws,ws,1,5398718126,112610,0.00016,,,,0,1761685641222,1761685643810,,,
2025-10-28T21:07:23.810Z,BTCUSDT,ws,ws,1,5398718127,112610,0.0002,,,,0,1761685641222,1761685643810,,,
2025-10-28T21:07:23.810Z,BTCUSDT,ws,ws,1,5398718128,112610,0.0002,,,,0,1761685641222,1761685643810,,,
2025-10-28T21:07:23.810Z,BTCUSDT,ws,ws,1,5398718129,112610,0.00192,,,,0,1761685641222,1761685643810,,,
2025-10-28T21:07:23.810Z,BTCUSDT,ws,ws,1,5398718130,112610,0.024,,,,0,1761685641223,1761685643810,,,
2025-10-28T21:07:23.811Z,BTCUSDT,ws,ws,1,5398718131,112610,0.00708,,,,0,1761685641223,1761685643811,,,
2025-10-28T21:07:23.811Z,BTCUSDT,ws,ws,1,5398718132,112610,5e-05,,,,0,1761685641223,1761685643811,,,
2025-10-28T21:07:23.811Z,BTCUSDT,ws,ws,1,5398718133,112609,0.03287,,,,0,1761685641223,1761685643811,,,
2025-10-28T21:07:23.811Z,BTCUSDT,ws,ws,1,5398718134,112642,5e-05,,,,0,1761685641225,1761685643811,,,
2025-10-28T21:07:23.811Z,BTCUSDT,ws,ws,1,5398718135,112637,5e-05,,,,0,1761685641225,1761685643811,,,
2025-10-28T21:07:23.811Z,BTCUSDT,ws,ws,1,5398718136,112609,0.02475,,,,0,1761685641225,1761685643811,,,
2025-10-28T21:07:23.811Z,BTCUSDT,ws,ws,1,5398718137,112620,5e-05,,,,0,1761685641225,1761685643811,,,
2025-10-28T21:07:23.811Z,BTCUSDT,ws,ws,1,5398718138,112609,0.02481,,,,0,1761685641225,1761685643811,,,
2025-10-28T21:07:23.811Z,BTCUSDT,ws,ws,1,5398718139,112609,0.03904,,,,0,1761685641225,1761685643811,,,
2025-10-28T21:07:23.811Z,BTCUSDT,ws,ws,1,5398718140,112609,0.03904,,,,0,1761685641225,1761685643811,,,
2025-10-28T21:07:23.811Z,BTCUSDT,ws,ws,1,5398718141,112609,0.0497,,,,0,1761685641225,1761685643811,,,
2025-10-28T21:07:23.811Z,BTCUSDT,ws,ws,1,5398718142,112609,0.05597,,,,0,1761685641225,1761685643811,,,
2025-10-28T21:07:23.812Z,BTCUSDT,ws,ws,1,5398718143,112609,0.01703,,,,0,1761685641225,1761685643812,,,
2025-10-28T21:07:23.812Z,BTCUSDT,ws,ws,1,5398718144,112609,0.023,,,,0,1761685641225,1761685643812,,,
2025-10-28T21:07:23.812Z,BTCUSDT,ws,ws,1,5398718145,112609,0.024,,,,0,1761685641225,1761685643812,,,
2025-10-28T21:07:23.812Z,BTCUSDT,ws,ws,1,5398718146,112609,0.06,,,,0,1761685641225,1761685643812,,,
2025-10-28T21:07:23.812Z,BTCUSDT,ws,ws,1,5398718147,112609,0.023,,,,0,1761685641225,1761685643812,,,
2025-10-28T21:07:23.812Z,BTCUSDT,ws,ws,1,5398718148,112609,0.0038,,,,0,1761685641225,1761685643812,,,
2025-10-28T21:07:23.812Z,BTCUSDT,ws,ws,1,5398718149,112609,0.01085,,,,0,1761685641225,1761685643812,,,
2025-10-28T21:07:23.812Z,BTCUSDT,ws,ws,1,5398718150,112608,0.0001,,,,0,1761685641225,1761685643812,,,
2025-10-28T21:07:23.812Z,BTCUSDT,ws,ws,1,5398718151,112608,0.0002,,,,0,1761685641225,1761685643812,,,
2025-10-28T21:07:23.812Z,BTCUSDT,ws,ws,1,5398718152,112608,0.0002,,,,0,1761685641225,1761685643812,,,
2025-10-28T21:07:23.812Z,BTCUSDT,ws,ws,1,5398718153,112608,7e-05,,,,0,1761685641225,1761685643812,,,
2025-10-28T21:07:23.812Z,BTCUSDT,ws,ws,1,5398718154,112607,5e-05,,,,0,1761685641225,1761685643812,,,
2025-10-28T21:07:23.812Z,BTCUSDT,ws,ws,1,5398718155,112607,5e-05,,,,0,1761685641225,1761685643812,,,
2025-10-28T21:07:23.812Z,BTCUSDT,ws,ws,1,5398718156,112606,0.00868,,,,0,1761685641225,1761685643812,,,
2025-10-28T21:07:23.812Z,BTCUSDT,ws,ws,1,5398718157,112606,0.023,,,,0,1761685641225,1761685643812,,,
2025-10-28T21:07:23.813Z,BTCUSDT,ws,ws,1,5398718158,112606,0.001,,,,0,1761685641225,1761685643812,,,
2025-10-28T21:07:23.813Z,BTCUSDT,ws,ws,1,5398718159,112606,0.0002,,,,0,1761685641225,1761685643813,,,
2025-10-28T21:07:23.813Z,BTCUSDT,ws,ws,1,5398718160,112606,0.0002,,,,0,1761685641225,1761685643813,,,
2025-10-28T21:07:23.813Z,BTCUSDT,ws,ws,1,5398718161,112606,5e-05,,,,0,1761685641225,1761685643813,,,
2025-10-28T21:07:23.813Z,BTCUSDT,ws,ws,1,5398718162,112605,6e-05,,,,0,1761685641225,1761685643813,,,
2025-10-28T21:07:23.813Z,BTCUSDT,ws,ws,1,5398718163,112604,0.0002,,,,0,1761685641225,1761685643813,,,
2025-10-28T21:07:23.813Z,BTCUSDT,ws,ws,1,5398718164,112604,0.0002,,,,0,1761685641225,1761685643813,,,
2025-10-28T21:07:23.813Z,BTCUSDT,ws,ws,1,5398718165,112604,0.0001,,,,0,1761685641225,1761685643813,,,
2025-10-28T21:07:23.813Z,BTCUSDT,ws,ws,1,5398718166,112603,0.00174,,,,0,1761685641225,1761685643813,,,
2025-10-28T21:07:23.813Z,BTCUSDT,ws,ws,1,5398718167,112602,0.02025,,,,0,1761685641225,1761685643813,,,
2025-10-28T21:07:23.813Z,BTCUSDT,ws,ws,1,5398718168,112602,0.075,,,,0,1761685641226,1761685643813,,,
2025-10-28T21:07:23.813Z,BTCUSDT,ws,ws,1,5398718169,112602,0.071,,,,0,1761685641226,1761685643813,,,
2025-10-28T21:07:23.813Z,BTCUSDT,ws,ws,1,5398718170,112602,0.023,,,,0,1761685641226,1761685643813,,,
2025-10-28T21:07:23.813Z,BTCUSDT,ws,ws,1,5398718171,112602,0.023,,,,0,1761685641226,1761685643813,,,
2025-10-28T21:07:23.813Z,BTCUSDT,ws,ws,1,5398718172,112602,0.024,,,,0,1761685641226,1761685643813,,,
2025-10-28T21:07:23.814Z,BTCUSDT,ws,ws,1,5398718173,112602,0.02574,,,,0,1761685641228,1761685643814,,,
2025-10-28T21:07:23.814Z,BTCUSDT,ws,ws,1,5398718174,112602,0.02485,,,,0,1761685641228,1761685643814,,,
2025-10-28T21:07:23.814Z,BTCUSDT,ws,ws,1,5398718175,112602,0.03904,,,,0,1761685641228,1761685643814,,,
2025-10-28T21:07:23.814Z,BTCUSDT,ws,ws,1,5398718176,112602,0.03904,,,,0,1761685641228,1761685643814,,,
2025-10-28T21:07:23.814Z,BTCUSDT,ws,ws,1,5398718177,112602,0.02486,,,,0,1761685641228,1761685643814,,,
2025-10-28T21:07:23.814Z,BTCUSDT,ws,ws,1,5398718178,112602,0.06,,,,0,1761685641228,1761685643814,,,
2025-10-28T21:07:23.814Z,BTCUSDT,ws,ws,1,5398718179,112602,0.023,,,,0,1761685641228,1761685643814,,,
2025-10-28T21:07:23.814Z,BTCUSDT,ws,ws,1,5398718180,112602,0.024,,,,0,1761685641228,1761685643814,,,
2025-10-28T21:07:23.814Z,BTCUSDT,ws,ws,1,5398718181,112602,0.006,,,,0,1761685641228,1761685643814,,,
2025-10-28T21:07:23.814Z,BTCUSDT,ws,ws,1,5398718182,112602,0.024,,,,0,1761685641228,1761685643814,,,
2025-10-28T21:07:23.814Z,BTCUSDT,ws,ws,1,5398718183,112602,0.03903,,,,0,1761685641230,1761685643814,,,
2025-10-28T21:07:23.814Z,BTCUSDT,ws,ws,1,5398718184,112602,0.0497,,,,0,1761685641230,1761685643814,,,
2025-10-28T21:07:23.814Z,BTCUSDT,ws,ws,1,5398718185,112602,0.04968,,,,0,1761685641230,1761685643814,,,
2025-10-28T21:07:23.814Z,BTCUSDT,ws,ws,1,5398718186,112609,0.023,,,,0,1761685641237,1761685643814,,,
2025-10-28T21:07:23.814Z,BTCUSDT,ws,ws,1,5398718187,112609,0.01475,,,,0,1761685641237,1761685643814,,,
2025-10-28T21:07:23.815Z,BTCUSDT,ws,ws,1,5398718188,112602,0.00825,,,,0,1761685641237,1761685643815,,,
2025-10-28T21:07:24.076Z,BTCUSDT,ws,ws,1,5398718189,112602,0.00533,,,,0,1761685641241,1761685644076,,,
2025-10-28T21:07:24.076Z,BTCUSDT,ws,ws,1,5398718190,112602,0.01642,,,,0,1761685641241,1761685644076,,,
2025-10-28T21:07:24.076Z,BTCUSDT,ws,ws,1,5398718191,112602,0.0002,,,,0,1761685641241,1761685644076,,,
2025-10-28T21:07:24.076Z,BTCUSDT,ws,ws,1,5398718192,112602,0.0002,,,,0,1761685641241,1761685644076,,,
2025-10-28T21:07:24.076Z,BTCUSDT,ws,ws,1,5398718193,112602,5e-05,,,,0,1761685641241,1761685644076,,,
2025-10-28T21:07:24.077Z,BTCUSDT,ws,ws,1,5398718194,112601,0.0026,,,,0,1761685641241,1761685644076,,,
2025-10-28T21:07:24.077Z,BTCUSDT,ws,ws,1,5398718195,112601,5e-05,,,,0,1761685641241,1761685644077,,,
2025-10-28T21:07:24.077Z,BTCUSDT,ws,ws,1,5398718196,112600,5e-05,,,,0,1761685641241,1761685644077,,,
2025-10-28T21:07:24.077Z,BTCUSDT,ws,ws,1,5398718197,112600,0.0195,,,,0,1761685641241,1761685644077,,,
2025-10-28T21:07:24.077Z,BTCUSDT,ws,ws,1,5398718198,112600,0.0105,,,,0,1761685641241,1761685644077,,,
2025-10-28T21:07:24.077Z,BTCUSDT,ws,ws,1,5398718199,112600,5e-05,,,,0,1761685641241,1761685644077,,,
2025-10-28T21:07:24.077Z,BTCUSDT,ws,ws,1,5398718200,112600,0.0002,,,,0,1761685641241,1761685644077,,,
2025-10-28T21:07:24.077Z,BTCUSDT,ws,ws,1,5398718201,112600,0.0002,,,,0,1761685641241,1761685644077,,,
2025-10-28T21:07:24.077Z,BTCUSDT,ws,ws,1,5398718202,112600,0.02,,,,0,1761685641241,1761685644077,,,
2025-10-28T21:07:24.077Z,BTCUSDT,ws,ws,1,5398718203,112600,0.00212,,,,0,1761685641241,1761685644077,,,
2025-10-28T21:07:24.077Z,BTCUSDT,ws,ws,1,5398718204,112600,0.0001,,,,0,1761685641241,1761685644077,,,
2025-10-28T21:07:24.078Z,BTCUSDT,ws,ws,1,5398718205,112600,0.00355,,,,0,1761685641241,1761685644078,,,
2025-10-28T21:07:24.078Z,BTCUSDT,ws,ws,1,5398718206,112600,0.001,,,,0,1761685641241,1761685644078,,,
2025-10-28T21:07:24.078Z,BTCUSDT,ws,ws,1,5398718207,112600,0.00134,,,,0,1761685641241,1761685644078,,,
2025-10-28T21:07:24.078Z,BTCUSDT,ws,ws,1,5398718208,112600,0.03904,,,,0,1761685641241,1761685644078,,,
2025-10-28T21:07:24.078Z,BTCUSDT,ws,ws,1,5398718209,112600,0.02485,,,,0,1761685641241,1761685644078,,,
2025-10-28T21:07:24.078Z,BTCUSDT,ws,ws,1,5398718210,112655,0.00034,,,,0,1761685641244,1761685644078,,,
2025-10-28T21:07:24.078Z,BTCUSDT,ws,ws,1,5398718211,112600,0.02366,,,,0,1761685641244,1761685644078,,,
2025-10-28T21:07:24.078Z,BTCUSDT,ws,ws,1,5398718212,112600,0.022,,,,0,1761685641244,1761685644078,,,
2025-10-28T21:07:24.078Z,BTCUSDT,ws,ws,1,5398718213,112600,0.024,,,,0,1761685641244,1761685644078,,,
2025-10-28T21:07:24.078Z,BTCUSDT,ws,ws,1,5398718214,112600,0.072,,,,0,1761685641244,1761685644078,,,
2025-10-28T21:07:24.078Z,BTCUSDT,ws,ws,1,5398718215,112600,0.023,,,,0,1761685641244,1761685644078,,,
2025-10-28T21:07:24.078Z,BTCUSDT,ws,ws,1,5398718216,112600,0.024,,,,0,1761685641244,1761685644078,,,
2025-10-28T21:07:24.078Z,BTCUSDT,ws,ws,1,5398718217,112600,0.024,,,,0,1761685641244,1761685644078,,,
2025-10-28T21:07:24.078Z,BTCUSDT,ws,ws,1,5398718218,112600,0.0046,,,,0,1761685641245,1761685644078,,,
2025-10-28T21:07:24.078Z,BTCUSDT,ws,ws,1,5398718219,112600,0.03904,,,,0,1761685641245,1761685644078,,,
2025-10-28T21:07:24.078Z,BTCUSDT,ws,ws,1,5398718220,112600,0.04968,,,,0,1761685641245,1761685644078,,,
2025-10-28T21:07:24.079Z,BTCUSDT,ws,ws,1,5398718221,112600,0.04973,,,,0,1761685641245,1761685644079,,,
2025-10-28T21:07:24.079Z,BTCUSDT,ws,ws,1,5398718222,112600,0.0434,,,,0,1761685641246,1761685644079,,,
2025-10-28T21:07:24.079Z,BTCUSDT,ws,ws,1,5398718223,112599,0.01389,,,,0,1761685641246,1761685644079,,,
2025-10-28T21:07:24.079Z,BTCUSDT,ws,ws,1,5398718224,112599,0.01371,,,,0,1761685641246,1761685644079,,,
2025-10-28T21:07:24.079Z,BTCUSDT,ws,ws,1,5398718225,112599,0.024,,,,0,1761685641246,1761685644079,,,
2025-10-28T21:07:24.079Z,BTCUSDT,ws,ws,1,5398718226,112599,0.02229,,,,0,1761685641246,1761685644079,,,
2025-10-28T21:07:24.079Z,BTCUSDT,ws,ws,1,5398718227,112599,0.01714,,,,0,1761685641246,1761685644079,,,
2025-10-28T21:07:24.079Z,BTCUSDT,ws,ws,1,5398718228,112599,8e-05,,,,0,1761685641246,1761685644079,,,
2025-10-28T21:07:24.079Z,BTCUSDT,ws,ws,1,5398718229,112598,0.0001,,,,0,1761685641246,1761685644079,,,
2025-10-28T21:07:24.079Z,BTCUSDT,ws,ws,1,5398718230,112598,0.0002,,,,0,1761685641246,1761685644079,,,
2025-10-28T21:07:24.079Z,BTCUSDT,ws,ws,1,5398718231,112598,0.0002,,,,0,1761685641246,1761685644079,,,
2025-10-28T21:07:24.079Z,BTCUSDT,ws,ws,1,5398718232,112598,0.036,,,,0,1761685641246,1761685644079,,,
2025-10-28T21:07:24.079Z,BTCUSDT,ws,ws,1,5398718233,112596,7e-05,,,,0,1761685641246,1761685644079,,,
2025-10-28T21:07:24.079Z,BTCUSDT,ws,ws,1,5398718234,112596,0.00092,,,,0,1761685641246,1761685644079,,,
2025-10-28T21:07:24.079Z,BTCUSDT,ws,ws,1,5398718235,112596,0.00089,,,,0,1761685641246,1761685644079,,,
2025-10-28T21:07:24.079Z,BTCUSDT,ws,ws,1,5398718236,112596,0.0002,,,,0,1761685641246,1761685644079,,,
2025-10-28T21:07:24.079Z,BTCUSDT,ws,ws,1,5398718237,112596,0.0002,,,,0,1761685641246,1761685644079,,,
2025-10-28T21:07:24.080Z,BTCUSDT,ws,ws,1,5398718238,112595,5e-05,,,,0,1761685641246,1761685644080,,,
2025-10-28T21:07:24.080Z,BTCUSDT,ws,ws,1,5398718239,112595,0.02266,,,,0,1761685641246,1761685644080,,,
2025-10-28T21:07:24.080Z,BTCUSDT,ws,ws,1,5398718240,112595,0.024,,,,0,1761685641246,1761685644080,,,
2025-10-28T21:07:24.349Z,BTCUSDT,ws,ws,1,5398718241,112595,0.024,,,,0,1761685641247,1761685644348,,,
2025-10-28T21:07:24.349Z,BTCUSDT,ws,ws,1,5398718242,112595,0.02485,,,,0,1761685641247,1761685644349,,,
2025-10-28T21:07:24.349Z,BTCUSDT,ws,ws,1,5398718243,112595,0.00533,,,,0,1761685641247,1761685644349,,,
2025-10-28T21:07:24.349Z,BTCUSDT,ws,ws,1,5398718244,112595,0.0497,,,,0,1761685641247,1761685644349,,,
2025-10-28T21:07:24.349Z,BTCUSDT,ws,ws,1,5398718245,112595,0.03906,,,,0,1761685641247,1761685644349,,,
2025-10-28T21:07:24.349Z,BTCUSDT,ws,ws,1,5398718246,112595,0.04971,,,,0,1761685641248,1761685644349,,,
2025-10-28T21:07:24.349Z,BTCUSDT,ws,ws,1,5398718247,112595,0.04972,,,,0,1761685641248,1761685644349,,,
2025-10-28T21:07:24.349Z,BTCUSDT,ws,ws,1,5398718248,112595,0.02597,,,,0,1761685641248,1761685644349,,,
2025-10-28T21:07:24.349Z,BTCUSDT,ws,ws,1,5398718249,112594,0.02371,,,,0,1761685641248,1761685644349,,,
2025-10-28T21:07:24.349Z,BTCUSDT,ws,ws,1,5398718250,112594,0.0417,,,,0,1761685641248,1761685644349,,,
2025-10-28T21:07:24.349Z,BTCUSDT,ws,ws,1,5398718251,112594,0.02484,,,,0,1761685641248,1761685644349,,,
2025-10-28T21:07:24.349Z,BTCUSDT,ws,ws,1,5398718252,112594,0.04973,,,,0,1761685641248,1761685644349,,,
2025-10-28T21:07:24.349Z,BTCUSDT,ws,ws,1,5398718253,112594,0.04968,,,,0,1761685641248,1761685644349,,,
2025-10-28T21:07:24.349Z,BTCUSDT,ws,ws,1,5398718254,112594,0.0417,,,,0,1761685641248,1761685644349,,,
2025-10-28T21:07:24.349Z,BTCUSDT,ws,ws,1,5398718255,112594,0.02486,,,,0,1761685641248,1761685644349,,,
2025-10-28T21:07:24.349Z,BTCUSDT,ws,ws,1,5398718256,112594,0.23095,,,,0,1761685641248,1761685644349,,,
2025-10-28T21:07:24.350Z,BTCUSDT,ws,ws,1,5398718257,112594,0.0002,,,,0,1761685641248,1761685644349,,,
2025-10-28T21:07:24.350Z,BTCUSDT,ws,ws,1,5398718258,112594,0.0002,,,,0,1761685641248,1761685644350,,,
2025-10-28T21:07:24.350Z,BTCUSDT,ws,ws,1,5398718259,112594,5e-05,,,,0,1761685641248,1761685644350,,,
2025-10-28T21:07:24.350Z,BTCUSDT,ws,ws,1,5398718260,112594,6e-05,,,,0,1761685641248,1761685644350,,,
2025-10-28T21:07:24.350Z,BTCUSDT,ws,ws,1,5398718261,112593,0.033,,,,0,1761685641248,1761685644350,,,
2025-10-28T21:07:24.350Z,BTCUSDT,ws,ws,1,5398718262,112593,0.033,,,,0,1761685641248,1761685644350,,,
2025-10-28T21:07:24.350Z,BTCUSDT,ws,ws,1,5398718263,112593,0.02254,,,,0,1761685641248,1761685644350,,,
2025-10-28T21:07:24.350Z,BTCUSDT,ws,ws,1,5398718264,112593,0.00746,,,,0,1761685641248,1761685644350,,,
2025-10-28T21:07:24.350Z,BTCUSDT,ws,ws,1,5398718265,112593,5e-05,,,,0,1761685641248,1761685644350,,,
2025-10-28T21:07:24.350Z,BTCUSDT,ws,ws,1,5398718266,112592,0.00411,,,,0,1761685641248,1761685644350,,,
2025-10-28T21:07:24.350Z,BTCUSDT,ws,ws,1,5398718267,112592,0.0002,,,,0,1761685641248,1761685644350,,,
2025-10-28T21:07:24.350Z,BTCUSDT,ws,ws,1,5398718268,112592,0.0002,,,,0,1761685641248,1761685644350,,,
2025-10-28T21:07:24.350Z,BTCUSDT,ws,ws,1,5398718269,112591,0.04798,,,,0,1761685641248,1761685644350,,,
2025-10-28T21:07:24.350Z,BTCUSDT,ws,ws,1,5398718270,112591,0.024,,,,0,1761685641248,1761685644350,,,
2025-10-28T21:07:24.350Z,BTCUSDT,ws,ws,1,5398718271,112591,0.06,,,,0,1761685641248,1761685644350,,,
2025-10-28T21:07:24.350Z,BTCUSDT,ws,ws,1,5398718272,112591,0.024,,,,0,1761685641248,1761685644350,,,
2025-10-28T21:07:24.350Z,BTCUSDT,ws,ws,1,5398718273,112591,0.02486,,,,0,1761685641249,1761685644350,,,
2025-10-28T21:07:24.351Z,BTCUSDT,ws,ws,1,5398718274,112591,0.0497,,,,0,1761685641250,1761685644351,,,
2025-10-28T21:07:24.351Z,BTCUSDT,ws,ws,1,5398718275,112591,0.0497,,,,0,1761685641250,1761685644351,,,
2025-10-28T21:07:24.351Z,BTCUSDT,ws,ws,1,5398718276,112591,0.03907,,,,0,1761685641250,1761685644351,,,
2025-10-28T21:07:24.351Z,BTCUSDT,ws,ws,1,5398718277,112591,0.02396,,,,0,1761685641250,1761685644351,,,
2025-10-28T21:07:24.351Z,BTCUSDT,ws,ws,1,5398718278,112591,0.0417,,,,0,1761685641250,1761685644351,,,
2025-10-28T21:07:24.351Z,BTCUSDT,ws,ws,1,5398718279,112591,0.02485,,,,0,1761685641250,1761685644351,,,
2025-10-28T21:07:24.351Z,BTCUSDT,ws,ws,1,5398718280,112591,0.04971,,,,0,1761685641250,1761685644351,,,
2025-10-28T21:07:24.351Z,BTCUSDT,ws,ws,1,5398718281,112591,0.022,,,,0,1761685641250,1761685644351,,,
2025-10-28T21:07:24.351Z,BTCUSDT,ws,ws,1,5398718282,112591,0.024,,,,0,1761685641250,1761685644351,,,
2025-10-28T21:07:24.351Z,BTCUSDT,ws,ws,1,5398718283,112591,0.02486,,,,0,1761685641253,1761685644351,,,
2025-10-28T21:07:24.351Z,BTCUSDT,ws,ws,1,5398718284,112591,0.03904,,,,0,1761685641253,1761685644351,,,
2025-10-28T21:07:24.351Z,BTCUSDT,ws,ws,1,5398718285,112591,0.04171,,,,0,1761685641253,1761685644351,,,
2025-10-28T21:07:24.351Z,BTCUSDT,ws,ws,1,5398718286,112591,0.08,,,,0,1761685641255,1761685644351,,,
2025-10-28T21:07:24.351Z,BTCUSDT,ws,ws,1,5398718287,112591,0.023,,,,0,1761685641256,1761685644351,,,
2025-10-28T21:07:24.351Z,BTCUSDT,ws,ws,1,5398718288,112591,0.024,,,,0,1761685641256,1761685644351,,,
2025-10-28T21:07:24.351Z,BTCUSDT,ws,ws,1,5398718289,112591,0.04172,,,,0,1761685641257,1761685644351,,,
2025-10-28T21:07:24.352Z,BTCUSDT,ws,ws,1,5398718290,112591,0.02486,,,,0,1761685641257,1761685644351,,,
2025-10-28T21:07:24.352Z,BTCUSDT,ws,ws,1,5398718291,112591,0.0417,,,,0,1761685641257,1761685644352,,,
2025-10-28T21:07:24.352Z,BTCUSDT,ws,ws,1,5398718292,112591,0.02486,,,,0,1761685641257,1761685644352,,,
2025-10-28T21:07:24.352Z,BTCUSDT,ws,ws,1,5398718293,112591,0.0247,,,,0,1761685641262,1761685644352,,,
2025-10-28T21:07:24.352Z,BTCUSDT,ws,ws,1,5398718294,112591,0.00053,,,,0,1761685641262,1761685644352,,,
2025-10-28T21:07:24.352Z,BTCUSDT,ws,ws,1,5398718295,112590,0.01647,,,,0,1761685641262,1761685644352,,,
2025-10-28T21:07:24.352Z,BTCUSDT,ws,ws,1,5398718296,112590,0.0417,,,,0,1761685641262,1761685644352,,,
2025-10-28T21:07:24.352Z,BTCUSDT,ws,ws,1,5398718297,112590,0.03904,,,,0,1761685641262,1761685644352,,,
2025-10-28T21:07:24.352Z,BTCUSDT,ws,ws,1,5398718298,112590,0.03906,,,,0,1761685641262,1761685644352,,,
2025-10-28T21:07:24.352Z,BTCUSDT,ws,ws,1,5398718299,112590,0.03907,,,,0,1761685641262,1761685644352,,,
2025-10-28T21:07:24.352Z,BTCUSDT,ws,ws,1,5398718300,112590,0.04973,,,,0,1761685641262,1761685644352,,,
2025-10-28T21:07:24.352Z,BTCUSDT,ws,ws,1,5398718301,112590,0.0417,,,,0,1761685641262,1761685644352,,,
2025-10-28T21:07:24.352Z,BTCUSDT,ws,ws,1,5398718302,112590,0.02486,,,,0,1761685641262,1761685644352,,,
2025-10-28T21:07:24.352Z,BTCUSDT,ws,ws,1,5398718303,112590,0.06,,,,0,1761685641275,1761685644352,,,
2025-10-28T21:07:24.352Z,BTCUSDT,ws,ws,1,5398718304,112590,0.077,,,,0,1761685641275,1761685644352,,,
2025-10-28T21:07:24.352Z,BTCUSDT,ws,ws,1,5398718305,112590,0.024,,,,0,1761685641275,1761685644352,,,
2025-10-28T21:07:24.352Z,BTCUSDT,ws,ws,1,5398718306,112590,0.03904,,,,0,1761685641278,1761685644352,,,
2025-10-28T21:07:24.353Z,BTCUSDT,ws,ws,1,5398718307,112590,0.0497,,,,0,1761685641278,1761685644353,,,
2025-10-28T21:07:24.353Z,BTCUSDT,ws,ws,1,5398718308,112590,0.0417,,,,0,1761685641278,1761685644353,,,
2025-10-28T21:07:24.353Z,BTCUSDT,ws,ws,1,5398718309,112590,0.02486,,,,0,1761685641278,1761685644353,,,
2025-10-28T21:07:24.353Z,BTCUSDT,ws,ws,1,5398718310,112590,0.022,,,,0,1761685641280,1761685644353,,,
2025-10-28T21:07:24.353Z,BTCUSDT,ws,ws,1,5398718311,112590,0.02486,,,,0,1761685641283,1761685644353,,,
2025-10-28T21:07:24.353Z,BTCUSDT,ws,ws,1,5398718312,112590,0.0298,,,,0,1761685641284,1761685644353,,,
2025-10-28T21:07:24.353Z,BTCUSDT,ws,ws,1,5398718313,112656,0.00035,,,,0,1761685641290,1761685644353,,,
2025-10-28T21:07:24.353Z,BTCUSDT,ws,ws,1,5398718314,112590,0.15965,,,,0,1761685641290,1761685644353,,,
2025-10-28T21:07:24.353Z,BTCUSDT,ws,ws,1,5398718315,112590,0.024,,,,0,1761685641290,1761685644353,,,
2025-10-28T21:07:24.353Z,BTCUSDT,ws,ws,1,5398718316,112590,0.023,,,,0,1761685641290,1761685644353,,,
2025-10-28T21:07:24.353Z,BTCUSDT,ws,ws,1,5398718317,112590,0.0417,,,,0,1761685641292,1761685644353,,,
2025-10-28T21:07:24.353Z,BTCUSDT,ws,ws,1,5398718318,112590,0.0417,,,,0,1761685641293,1761685644353,,,
2025-10-28T21:07:24.353Z,BTCUSDT,ws,ws,1,5398718319,112590,0.0417,,,,0,1761685641293,1761685644353,,,
2025-10-28T21:07:24.353Z,BTCUSDT,ws,ws,1,5398718320,112651,0.00036,,,,0,1761685641303,1761685644353,,,
2025-10-28T21:07:24.353Z,BTCUSDT,ws,ws,1,5398718321,112648,5e-05,,,,0,1761685641314,1761685644353,,,
2025-10-28T21:07:24.353Z,BTCUSDT,ws,ws,1,5398718322,112636,0.00039,,,,0,1761685641314,1761685644353,,,
2025-10-28T21:07:24.354Z,BTCUSDT,ws,ws,1,5398718323,112631,5e-05,,,,0,1761685641314,1761685644354,,,
2025-10-28T21:07:24.354Z,BTCUSDT,ws,ws,1,5398718324,112630,0.00033,,,,0,1761685641314,1761685644354,,,
2025-10-28T21:07:24.354Z,BTCUSDT,ws,ws,1,5398718325,112614,5e-05,,,,0,1761685641314,1761685644354,,,
2025-10-28T21:07:24.354Z,BTCUSDT,ws,ws,1,5398718326,112604,0.04083,,,,0,1761685641314,1761685644354,,,
2025-10-28T21:07:24.354Z,BTCUSDT,ws,ws,1,5398718327,112604,0.04972,,,,0,1761685641314,1761685644354,,,
2025-10-28T21:07:24.354Z,BTCUSDT,ws,ws,1,5398718328,112604,0.03907,,,,0,1761685641319,1761685644354,,,
2025-10-28T21:07:24.354Z,BTCUSDT,ws,ws,1,5398718329,112604,0.03905,,,,0,1761685641319,1761685644354,,,
2025-10-28T21:07:24.354Z,BTCUSDT,ws,ws,1,5398718330,112604,0.02485,,,,0,1761685641319,1761685644354,,,
2025-10-28T21:07:24.354Z,BTCUSDT,ws,ws,1,5398718331,112604,0.02219,,,,0,1761685641323,1761685644354,,,
2025-10-28T21:07:24.354Z,BTCUSDT,ws,ws,1,5398718332,112604,0.03904,,,,0,1761685641328,1761685644354,,,
2025-10-28T21:07:24.354Z,BTCUSDT,ws,ws,1,5398718333,112604,0.01141,,,,0,1761685641328,1761685644354,,,
2025-10-28T21:07:24.354Z,BTCUSDT,ws,ws,1,5398718334,112602,5e-05,,,,0,1761685641328,1761685644354,,,
2025-10-28T21:07:24.354Z,BTCUSDT,ws,ws,1,5398718335,112590,0.0002,,,,0,1761685641328,1761685644354,,,
2025-10-28T21:07:24.355Z,BTCUSDT,ws,ws,1,5398718336,112590,0.0002,,,,0,1761685641328,1761685644355,,,
2025-10-28T21:07:24.355Z,BTCUSDT,ws,ws,1,5398718337,112590,5e-05,,,,0,1761685641328,1761685644355,,,
2025-10-28T21:07:24.355Z,BTCUSDT,ws,ws,1,5398718338,112588,0.0002,,,,0,1761685641328,1761685644355,,,
2025-10-28T21:07:24.355Z,BTCUSDT,ws,ws,1,5398718339,112588,0.0002,,,,0,1761685641328,1761685644355,,,
2025-10-28T21:07:24.355Z,BTCUSDT,ws,ws,1,5398718340,112588,0.01255,,,,0,1761685641328,1761685644355,,,
2025-10-28T21:07:24.355Z,BTCUSDT,ws,ws,1,5398718341,112588,0.02485,,,,0,1761685641328,1761685644355,,,
2025-10-28T21:07:24.355Z,BTCUSDT,ws,ws,1,5398718342,112588,0.04968,,,,0,1761685641328,1761685644355,,,
2025-10-28T21:07:24.355Z,BTCUSDT,ws,ws,1,5398718343,112587,5e-05,,,,0,1761685641340,1761685644355,,,
2025-10-28T21:07:24.355Z,BTCUSDT,ws,ws,1,5398718344,112587,0.00177,,,,0,1761685641340,1761685644355,,,
2025-10-28T21:07:24.355Z,BTCUSDT,ws,ws,1,5398718345,112586,0.0002,,,,0,1761685641340,1761685644355,,,
2025-10-28T21:07:24.355Z,BTCUSDT,ws,ws,1,5398718346,112586,0.0002,,,,0,1761685641340,1761685644355,,,
2025-10-28T21:07:24.355Z,BTCUSDT,ws,ws,1,5398718347,112586,0.02263,,,,0,1761685641340,1761685644355,,,
2025-10-28T21:07:24.355Z,BTCUSDT,ws,ws,1,5398718348,112586,0.01637,,,,0,1761685641341,1761685644355,,,
2025-10-28T21:07:24.355Z,BTCUSDT,ws,ws,1,5398718349,112585,0.0118,,,,0,1761685641341,1761685644355,,,
2025-10-28T21:07:24.355Z,BTCUSDT,ws,ws,1,5398718350,112585,0.04073,,,,0,1761685641357,1761685644355,,,
2025-10-28T21:07:24.355Z,BTCUSDT,ws,ws,1,5398718351,112585,5e-05,,,,0,1761685641365,1761685644355,,,
2025-10-28T21:07:24.356Z,BTCUSDT,ws,ws,1,5398718352,112621,5e-05,,,,0,1761685641376,1761685644356,,,
2025-10-28T21:07:24.356Z,BTCUSDT,ws,ws,1,5398718353,112590,5e-05,,,,0,1761685641376,1761685644356,,,
2025-10-28T21:07:24.356Z,BTCUSDT,ws,ws,1,5398718354,112590,0.04971,,,,0,1761685641377,1761685644356,,,
2025-10-28T21:07:24.356Z,BTCUSDT,ws,ws,1,5398718355,112591,0.02486,,,,0,1761685641384,1761685644356,,,
2025-10-28T21:07:24.356Z,BTCUSDT,ws,ws,1,5398718356,112620,0.00037,,,,0,1761685641397,1761685644356,,,
2025-10-28T21:07:24.356Z,BTCUSDT,ws,ws,1,5398718357,112619,0.04133,,,,0,1761685641397,1761685644356,,,
2025-10-28T21:07:24.617Z,BTCUSDT,ws,ws,1,5398718358,112619,0.01627,,,,0,1761685641404,1761685644617,,,
2025-10-28T21:07:24.617Z,BTCUSDT,ws,ws,1,5398718359,112608,5e-05,,,,0,1761685641404,1761685644617,,,
2025-10-28T21:07:24.617Z,BTCUSDT,ws,ws,1,5398718360,112619,0.0576,,,,0,1761685641418,1761685644617,,,
2025-10-28T21:07:24.617Z,BTCUSDT,ws,ws,1,5398718361,112591,0.04968,,,,0,1761685641421,1761685644617,,,
2025-10-28T21:07:24.617Z,BTCUSDT,ws,ws,1,5398718362,112591,0.02486,,,,0,1761685641424,1761685644617,,,
2025-10-28T21:07:24.618Z,BTCUSDT,ws,ws,1,5398718363,112591,0.03456,,,,0,1761685641425,1761685644618,,,
2025-10-28T21:07:24.618Z,BTCUSDT,ws,ws,1,5398718364,112590,0.15604,,,,0,1761685641425,1761685644618,,,
2025-10-28T21:07:24.618Z,BTCUSDT,ws,ws,1,5398718365,112590,0.04968,,,,0,1761685641426,1761685644618,,,
2025-10-28T21:07:24.618Z,BTCUSDT,ws,ws,1,5398718366,112591,5e-05,,,,0,1761685641431,1761685644618,,,
2025-10-28T21:07:24.618Z,BTCUSDT,ws,ws,1,5398718367,112590,0.00679,,,,0,1761685641431,1761685644618,,,
2025-10-28T21:07:24.618Z,BTCUSDT,ws,ws,1,5398718368,112621,0.06295,,,,0,1761685641443,1761685644618,,,
2025-10-28T21:07:24.618Z,BTCUSDT,ws,ws,1,5398718369,112603,0.0377,,,,0,1761685641444,1761685644618,,,
2025-10-28T21:07:24.619Z,BTCUSDT,ws,ws,1,5398718370,112603,0.03209,,,,0,1761685641445,1761685644619,,,
2025-10-28T21:07:24.619Z,BTCUSDT,ws,ws,1,5398718371,112590,0.01227,,,,0,1761685641445,1761685644619,,,
2025-10-28T21:07:24.619Z,BTCUSDT,ws,ws,1,5398718372,112590,0.02,,,,0,1761685641445,1761685644619,,,
2025-10-28T21:07:24.619Z,BTCUSDT,ws,ws,1,5398718373,112590,0.02662,,,,0,1761685641446,1761685644619,,,
2025-10-28T21:07:24.619Z,BTCUSDT,ws,ws,1,5398718374,112590,0.02,,,,0,1761685641449,1761685644619,,,
2025-10-28T21:07:24.619Z,BTCUSDT,ws,ws,1,5398718375,112590,0.02662,,,,0,1761685641449,1761685644619,,,
2025-10-28T21:07:24.619Z,BTCUSDT,ws,ws,1,5398718376,112590,0.00089,,,,0,1761685641451,1761685644619,,,
2025-10-28T21:07:24.619Z,BTCUSDT,ws,ws,1,5398718377,112611,5e-05,,,,0,1761685641457,1761685644619,,,
2025-10-28T21:07:24.619Z,BTCUSDT,ws,ws,1,5398718378,112590,0.00084,,,,0,1761685641457,1761685644619,,,
2025-10-28T21:07:24.619Z,BTCUSDT,ws,ws,1,5398718379,112590,0.02,,,,0,1761685641457,1761685644619,,,
2025-10-28T21:07:24.619Z,BTCUSDT,ws,ws,1,5398718380,112606,0.0025,,,,0,1761685641465,1761685644619,,,
2025-10-28T21:07:24.619Z,BTCUSDT,ws,ws,1,5398718381,112601,0.0025,,,,0,1761685641466,1761685644619,,,
2025-10-28T21:07:24.619Z,BTCUSDT,ws,ws,1,5398718382,112601,0.06348,,,,0,1761685641466,1761685644619,,,
2025-10-28T21:07:24.619Z,BTCUSDT,ws,ws,1,5398718383,112590,0.02486,,,,0,1761685641471,1761685644619,,,
2025-10-28T21:07:24.620Z,BTCUSDT,ws,ws,1,5398718384,112590,0.06665,,,,0,1761685641473,1761685644620,,,
2025-10-28T21:07:24.620Z,BTCUSDT,ws,ws,1,5398718385,112599,0.06558,,,,0,1761685641476,1761685644620,,,
2025-10-28T21:07:24.620Z,BTCUSDT,ws,ws,1,5398718386,112590,0.12152,,,,0,1761685641480,1761685644620,,,
2025-10-28T21:07:24.620Z,BTCUSDT,ws,ws,1,5398718387,112590,0.04073,,,,0,1761685641488,1761685644620,,,
2025-10-28T21:07:24.620Z,BTCUSDT,ws,ws,1,5398718388,112590,0.01331,,,,0,1761685641491,1761685644620,,,
2025-10-28T21:07:24.620Z,BTCUSDT,ws,ws,1,5398718389,112590,0.01408,,,,0,1761685641498,1761685644620,,,
2025-10-28T21:07:24.620Z,BTCUSDT,ws,ws,1,5398718390,112585,5e-05,,,,0,1761685641508,1761685644620,,,
2025-10-28T21:07:24.620Z,BTCUSDT,ws,ws,1,5398718391,112584,0.0002,,,,0,1761685641508,1761685644620,,,
2025-10-28T21:07:24.620Z,BTCUSDT,ws,ws,1,5398718392,112584,0.0002,,,,0,1761685641508,1761685644620,,,
2025-10-28T21:07:24.620Z,BTCUSDT,ws,ws,1,5398718393,112584,7e-05,,,,0,1761685641508,1761685644620,,,
2025-10-28T21:07:24.620Z,BTCUSDT,ws,ws,1,5398718394,112584,0.067,,,,0,1761685641508,1761685644620,,,
2025-10-28T21:07:24.620Z,BTCUSDT,ws,ws,1,5398718395,112582,6e-05,,,,0,1761685641508,1761685644620,,,
2025-10-28T21:07:24.620Z,BTCUSDT,ws,ws,1,5398718396,112582,5e-05,,,,0,1761685641508,1761685644620,,,
2025-10-28T21:07:24.620Z,BTCUSDT,ws,ws,1,5398718397,112582,0.0002,,,,0,1761685641508,1761685644620,,,
2025-10-28T21:07:24.620Z,BTCUSDT,ws,ws,1,5398718398,112582,0.0002,,,,0,1761685641508,1761685644620,,,
2025-10-28T21:07:24.621Z,BTCUSDT,ws,ws,1,5398718399,112590,0.05633,,,,0,1761685641530,1761685644620,,,
2025-10-28T21:07:24.621Z,BTCUSDT,ws,ws,1,5398718400,112590,0.00768,,,,0,1761685641531,1761685644621,,,
2025-10-28T21:07:24.621Z,BTCUSDT,ws,ws,1,5398718401,112590,0.00039,,,,0,1761685641531,1761685644621,,,
2025-10-28T21:07:24.621Z,BTCUSDT,ws,ws,1,5398718402,112580,0.0002,,,,0,1761685641531,1761685644621,,,
2025-10-28T21:07:24.621Z,BTCUSDT,ws,ws,1,5398718403,112580,0.0002,,,,0,1761685641531,1761685644621,,,
2025-10-28T21:07:24.621Z,BTCUSDT,ws,ws,1,5398718404,112580,0.00177,,,,0,1761685641531,1761685644621,,,
2025-10-28T21:07:24.621Z,BTCUSDT,ws,ws,1,5398718405,112578,5e-05,,,,0,1761685641531,1761685644621,,,
2025-10-28T21:07:24.621Z,BTCUSDT,ws,ws,1,5398718406,112578,0.0002,,,,0,1761685641531,1761685644621,,,
2025-10-28T21:07:24.621Z,BTCUSDT,ws,ws,1,5398718407,112578,0.0002,,,,0,1761685641531,1761685644621,,,
2025-10-28T21:07:24.621Z,BTCUSDT,ws,ws,1,5398718408,112576,0.0002,,,,0,1761685641531,1761685644621,,,
2025-10-28T21:07:24.621Z,BTCUSDT,ws,ws,1,5398718409,112576,0.0002,,,,0,1761685641531,1761685644621,,,
2025-10-28T21:07:24.621Z,BTCUSDT,ws,ws,1,5398718410,112575,0.00174,,,,0,1761685641531,1761685644621,,,
2025-10-28T21:07:24.621Z,BTCUSDT,ws,ws,1,5398718411,112575,0.00125,,,,0,1761685641531,1761685644621,,,
2025-10-28T21:07:24.621Z,BTCUSDT,ws,ws,1,5398718412,112575,0.04505,,,,0,1761685641542,1761685644621,,,
2025-10-28T21:07:24.621Z,BTCUSDT,ws,ws,1,5398718413,112574,0.00452,,,,0,1761685641542,1761685644621,,,
2025-10-28T21:07:24.622Z,BTCUSDT,ws,ws,1,5398718414,112574,0.00083,,,,0,1761685641542,1761685644621,,,
2025-10-28T21:07:24.622Z,BTCUSDT,ws,ws,1,5398718415,112574,5e-05,,,,0,1761685641542,1761685644622,,,
2025-10-28T21:07:24.622Z,BTCUSDT,ws,ws,1,5398718416,112574,0.0001,,,,0,1761685641542,1761685644622,,,
2025-10-28T21:07:24.622Z,BTCUSDT,ws,ws,1,5398718417,112574,0.0002,,,,0,1761685641542,1761685644622,,,
2025-10-28T21:07:24.622Z,BTCUSDT,ws,ws,1,5398718418,112574,0.0002,,,,0,1761685641542,1761685644622,,,
2025-10-28T21:07:24.622Z,BTCUSDT,ws,ws,1,5398718419,112574,5e-05,,,,0,1761685641542,1761685644622,,,
2025-10-28T21:07:24.622Z,BTCUSDT,ws,ws,1,5398718420,112573,7e-05,,,,0,1761685641542,1761685644622,,,
2025-10-28T21:07:24.622Z,BTCUSDT,ws,ws,1,5398718421,112573,5e-05,,,,0,1761685641542,1761685644622,,,
2025-10-28T21:07:24.622Z,BTCUSDT,ws,ws,1,5398718422,112572,0.01242,,,,0,1761685641542,1761685644622,,,
2025-10-28T21:07:24.622Z,BTCUSDT,ws,ws,1,5398718423,112572,0.0002,,,,0,1761685641542,1761685644622,,,
2025-10-28T21:07:24.622Z,BTCUSDT,ws,ws,1,5398718424,112572,0.0002,,,,0,1761685641542,1761685644622,,,
2025-10-28T21:07:24.622Z,BTCUSDT,ws,ws,1,5398718425,112572,0.03,,,,0,1761685641542,1761685644622,,,
2025-10-28T21:07:24.622Z,BTCUSDT,ws,ws,1,5398718426,112572,0.06,,,,0,1761685641542,1761685644622,,,
2025-10-28T21:07:24.622Z,BTCUSDT,ws,ws,1,5398718427,112571,0.02601,,,,0,1761685641542,1761685644622,,,
2025-10-28T21:07:24.622Z,BTCUSDT,ws,ws,1,5398718428,112585,0.00035,,,,0,1761685641549,1761685644622,,,
2025-10-28T21:07:24.623Z,BTCUSDT,ws,ws,1,5398718429,112571,0.04038,,,,0,1761685641549,1761685644623,,,
2025-10-28T21:07:24.623Z,BTCUSDT,ws,ws,1,5398718430,112571,0.00035,,,,0,1761685641562,1761685644623,,,
2025-10-28T21:07:24.623Z,BTCUSDT,ws,ws,1,5398718431,112571,0.00887,,,,0,1761685641563,1761685644623,,,
2025-10-28T21:07:24.623Z,BTCUSDT,ws,ws,1,5398718432,112571,0.00887,,,,0,1761685641564,1761685644623,,,
2025-10-28T21:07:24.623Z,BTCUSDT,ws,ws,1,5398718433,112571,0.01687,,,,0,1761685641611,1761685644623,,,
2025-10-28T21:07:24.623Z,BTCUSDT,ws,ws,1,5398718434,112571,0.03906,,,,0,1761685641611,1761685644623,,,
2025-10-28T21:07:24.623Z,BTCUSDT,ws,ws,1,5398718435,112571,9e-05,,,,0,1761685641624,1761685644623,,,
2025-10-28T21:07:24.623Z,BTCUSDT,ws,ws,1,5398718436,112571,9e-05,,,,0,1761685641624,1761685644623,,,
2025-10-28T21:07:24.623Z,BTCUSDT,ws,ws,1,5398718437,112571,0.04104,,,,0,1761685641624,1761685644623,,,
2025-10-28T21:07:24.623Z,BTCUSDT,ws,ws,1,5398718438,112571,0.00017,,,,0,1761685641624,1761685644623,,,
2025-10-28T21:07:24.623Z,BTCUSDT,ws,ws,1,5398718439,112571,0.00024,,,,0,1761685641624,1761685644623,,,
2025-10-28T21:07:24.623Z,BTCUSDT,ws,ws,1,5398718440,112571,5e-05,,,,0,1761685641624,1761685644623,,,
2025-10-28T21:07:24.623Z,BTCUSDT,ws,ws,1,5398718441,112571,7e-05,,,,0,1761685641624,1761685644623,,,
2025-10-28T21:07:24.623Z,BTCUSDT,ws,ws,1,5398718442,112571,0.00011,,,,0,1761685641624,1761685644623,,,
2025-10-28T21:07:24.624Z,BTCUSDT,ws,ws,1,5398718443,112571,0.00013,,,,0,1761685641624,1761685644624,,,
2025-10-28T21:07:24.624Z,BTCUSDT,ws,ws,1,5398718444,112571,5e-05,,,,0,1761685641624,1761685644624,,,
2025-10-28T21:07:24.624Z,BTCUSDT,ws,ws,1,5398718445,112571,0.00023,,,,0,1761685641624,1761685644624,,,
2025-10-28T21:07:24.624Z,BTCUSDT,ws,ws,1,5398718446,112571,0.00046,,,,0,1761685641624,1761685644624,,,
2025-10-28T21:07:24.624Z,BTCUSDT,ws,ws,1,5398718447,112571,0.0016,,,,0,1761685641624,1761685644624,,,
2025-10-28T21:07:24.624Z,BTCUSDT,ws,ws,1,5398718448,112571,5e-05,,,,0,1761685641624,1761685644624,,,
2025-10-28T21:07:24.624Z,BTCUSDT,ws,ws,1,5398718449,112570,1e-05,,,,0,1761685641624,1761685644624,,,
2025-10-28T21:07:24.624Z,BTCUSDT,ws,ws,1,5398718450,112570,4e-05,,,,0,1761685641626,1761685644624,,,
2025-10-28T21:07:24.624Z,BTCUSDT,ws,ws,1,5398718451,112570,0.00056,,,,0,1761685641626,1761685644624,,,
2025-10-28T21:07:24.624Z,BTCUSDT,ws,ws,1,5398718452,112570,0.04439,,,,0,1761685641626,1761685644624,,,
2025-10-28T21:07:24.624Z,BTCUSDT,ws,ws,1,5398718453,112570,0.00455,,,,0,1761685641626,1761685644624,,,
