ts_iso,symbol,source,subsource,kind,seq_or_tradeid,px,sz,bid,ask,mid,recv_ts,ws_ts,arrival_ms,price_diff,matched_with,note
2025-10-26T18:56:06.304Z,BTCUSDT,mmap,rings/binance_trade_chunk0,1,1042,113647.78,7e-05,,,,1761504966059,,1761504966304,,,
2025-10-26T18:56:06.307Z,BTCUSDT,mmap,rings/binance_trade_chunk0,1,1050,113647.78,0.00338,,,,1761504966215,,1761504966307,,,
2025-10-26T18:56:06.407Z,BTCUSDT,mmap,rings/binance_trade_chunk0,1,1042,113647.78,7e-05,,,,1761504966059,,1761504966407,,,
2025-10-26T18:56:06.421Z,BTCUSDT,mmap,rings/binance_trade_chunk0,1,1050,113647.78,0.00338,,,,1761504966215,,1761504966421,,,
2025-10-26T18:56:06.578Z,BTCUSDT,mmap,rings/binance_trade_chunk0,1,1084,113647.78,0.0001,,,,1761504966537,,1761504966578,,,
2025-10-26T18:56:07.041Z,BTCUSDT,mmap,rings/binance_trade_chunk0,1,1091,113647.77,0.0003,,,,1761504966981,,1761504967041,,,
2025-10-26T18:56:09.490Z,BTCUSDT,mmap,rings/binance_trade_chunk0,1,1202,113647.78,0.00416,,,,1761504969466,,1761504969490,,,
2025-10-26T18:56:09.490Z,BTCUSDT,ws,bookTicker,0,,,,113647.77000000,113647.78000000,113647.775,,1761504967533,1761504969490,,,
2025-10-26T18:56:09.773Z,BTCUSDT,mmap,rings/binance_trade_chunk0,1,1238,113647.78,0.01781,,,,1761504969731,,1761504969773,,,
2025-10-26T18:56:09.773Z,BTCUSDT,ws,bookTicker,0,,,,113647.77000000,113647.78000000,113647.775,,1761504967615,1761504969773,,,
2025-10-26T18:56:09.786Z,BTCUSDT,mmap,rings/binance_trade_chunk0,1,1239,113647.77,0.00902,,,,1761504969731,,1761504969786,,,
2025-10-26T18:56:09.786Z,BTCUSDT,ws,bookTicker,0,,,,113647.77000000,113647.78000000,113647.775,,1761504967618,1761504969786,,,
2025-10-26T18:56:10.256Z,BTCUSDT,mmap,rings/binance_trade_chunk0,1,1260,113647.78,0.00049,,,,1761504970213,,1761504970256,,,
2025-10-26T18:56:10.256Z,BTCUSDT,ws,bookTicker,0,,,,113647.77000000,113647.78000000,113647.775,,1761504967741,1761504970256,,,
2025-10-26T18:56:10.769Z,BTCUSDT,mmap,rings/binance_trade_chunk0,1,1290,113647.78,6e-05,,,,1761504970742,,1761504970769,,,
2025-10-26T18:56:10.769Z,BTCUSDT,ws,bookTicker,0,,,,113647.77000000,113647.78000000,113647.775,,1761504967934,1761504970769,,,
2025-10-26T18:56:10.911Z,BTCUSDT,mmap,rings/binance_trade_chunk0,1,1311,113647.77,0.00263,,,,1761504970874,,1761504970911,,,
2025-10-26T18:56:10.911Z,BTCUSDT,ws,bookTicker,0,,,,113647.77000000,113647.78000000,113647.775,,1761504968726,1761504970911,,,
2025-10-26T18:56:11.342Z,BTCUSDT,mmap,rings/binance_trade_chunk0,1,1332,113647.78,0.00412,,,,1761504971323,,1761504971342,,,
2025-10-26T18:56:11.346Z,BTCUSDT,ws,bookTicker,0,,,,113647.77000000,113647.78000000,113647.775,,1761504969091,1761504971346,,,
2025-10-26T18:56:12.065Z,BTCUSDT,mmap,rings/binance_trade_chunk0,1,1341,113647.78,0.00011,,,,1761504972051,,1761504972065,,,
2025-10-26T18:56:12.065Z,BTCUSDT,ws,bookTicker,0,,,,113647.77000000,113647.78000000,113647.775,,1761504969091,1761504972065,,,
2025-10-26T18:56:12.470Z,BTCUSDT,mmap,rings/binance_trade_chunk0,1,1358,113647.78,0.00063,,,,1761504972467,,1761504972470,,,
2025-10-26T18:56:12.470Z,BTCUSDT,ws,trade,1,5390928247,113647.78,0.00416,,,,,1761504969335,1761504972470,,,
2025-10-26T18:56:12.797Z,BTCUSDT,mmap,rings/binance_trade_chunk0,1,1378,113647.77,7e-05,,,,1761504972777,,1761504972797,,,
2025-10-26T18:56:12.797Z,BTCUSDT,ws,bookTicker,0,,,,113647.77000000,113647.78000000,113647.775,,1761504969503,1761504972797,,,
2025-10-26T18:56:15.027Z,BTCUSDT,mmap,rings/binance_trade_chunk0,1,1455,113647.78,5e-05,,,,1761504975015,,1761504975027,,,
2025-10-26T18:56:15.027Z,BTCUSDT,ws,bookTicker,0,,,,113647.77000000,113647.78000000,113647.775,,1761504969732,1761504975027,,,
2025-10-26T18:56:15.095Z,BTCUSDT,mmap,rings/binance_trade_chunk0,1,1455,113647.78,5e-05,,,,1761504975015,,1761504975095,,,
2025-10-26T18:56:15.095Z,BTCUSDT,ws,bookTicker,0,,,,113647.77000000,113647.78000000,113647.775,,1761504969733,1761504975095,,,
2025-10-26T18:56:15.501Z,BTCUSDT,mmap,rings/binance_trade_chunk0,1,1529,113647.77,0.00088,,,,1761504975420,,1761504975501,,,
2025-10-26T18:56:15.502Z,BTCUSDT,ws,bookTicker,0,,,,113647.77000000,113647.78000000,113647.775,,1761504969733,1761504975502,,,
2025-10-26T18:56:15.832Z,BTCUSDT,mmap,rings/binance_trade_chunk0,1,1547,113647.77,0.00084,,,,1761504975810,,1761504975832,,,
2025-10-26T18:56:15.832Z,BTCUSDT,ws,bookTicker,0,,,,113647.77000000,113647.78000000,113647.775,,1761504969733,1761504975832,,,
2025-10-26T18:56:16.711Z,BTCUSDT,mmap,rings/binance_trade_chunk0,1,1581,113647.77,5e-05,,,,1761504976669,,1761504976711,,,
2025-10-26T18:56:16.712Z,BTCUSDT,ws,bookTicker,0,,,,113647.77000000,113647.78000000,113647.775,,1761504969734,1761504976711,,,
2025-10-26T18:56:16.959Z,BTCUSDT,mmap,rings/binance_trade_chunk0,1,1613,113647.77,0.00126,,,,1761504976904,,1761504976959,,,
2025-10-26T18:56:16.959Z,BTCUSDT,ws,bookTicker,0,,,,113647.77000000,113647.78000000,113647.775,,1761504969734,1761504976959,,,
2025-10-26T18:56:17.303Z,BTCUSDT,mmap,rings/binance_trade_chunk0,1,1686,113647.78,5e-05,,,,1761504977231,,1761504977303,,,
2025-10-26T18:56:17.303Z,BTCUSDT,ws,bookTicker,0,,,,113647.77000000,113647.78000000,113647.775,,1761504969751,1761504977303,,,
2025-10-26T18:56:17.304Z,BTCUSDT,mmap,rings/binance_trade_chunk0,1,1687,113647.78,0.00393,,,,1761504977250,,1761504977304,,,
2025-10-26T18:56:17.304Z,BTCUSDT,ws,bookTicker,0,,,,113647.77000000,113647.78000000,113647.775,,1761504969751,1761504977304,,,
2025-10-26T18:56:17.305Z,BTCUSDT,mmap,rings/binance_trade_chunk0,1,1688,113647.78,0.00027,,,,1761504977289,,1761504977305,,,
2025-10-26T18:56:17.305Z,BTCUSDT,ws,trade,1,5390928248,113647.78,0.01781,,,,,1761504969600,1761504977305,,,
2025-10-26T18:56:17.377Z,BTCUSDT,mmap,rings/binance_trade_chunk0,1,1695,113647.78,0.00297,,,,1761504977331,,1761504977377,,,
2025-10-26T18:56:17.377Z,BTCUSDT,ws,trade,1,5390928249,113647.77,0.00902,,,,,1761504969600,1761504977377,,,
2025-10-26T18:56:18.112Z,BTCUSDT,mmap,rings/binance_trade_chunk0,1,1752,113647.77,0.00041,,,,1761504978052,,1761504978112,,,
2025-10-26T18:56:18.112Z,BTCUSDT,ws,bookTicker,0,,,,113647.77000000,113647.78000000,113647.775,,1761504969766,1761504978112,,,
2025-10-26T18:56:18.963Z,BTCUSDT,mmap,rings/binance_trade_chunk0,1,1811,113647.78,0.00018,,,,1761504978943,,1761504978963,,,
2025-10-26T18:56:18.963Z,BTCUSDT,ws,bookTicker,0,,,,113647.77000000,113647.78000000,113647.775,,1761504969768,1761504978963,,,
2025-10-26T18:56:19.336Z,BTCUSDT,mmap,rings/binance_trade_chunk0,1,1952,113647.77,0.0005,,,,1761504979214,,1761504979336,,,
2025-10-26T18:56:19.336Z,BTCUSDT,ws,bookTicker,0,,,,113647.77000000,113647.78000000,113647.775,,1761504969768,1761504979336,,,
2025-10-26T18:56:19.337Z,BTCUSDT,mmap,rings/binance_trade_chunk0,1,1957,113647.78,0.00059,,,,1761504979215,,1761504979337,,,
2025-10-26T18:56:19.337Z,BTCUSDT,ws,bookTicker,0,,,,113647.77000000,113647.78000000,113647.775,,1761504969769,1761504979337,,,
2025-10-26T18:56:19.350Z,BTCUSDT,mmap,rings/binance_trade_chunk0,1,1958,113647.78,0.00015,,,,1761504979215,,1761504979350,,,
2025-10-26T18:56:19.350Z,BTCUSDT,ws,bookTicker,0,,,,113647.77000000,113647.78000000,113647.775,,1761504969823,1761504979350,,,
2025-10-26T18:56:19.354Z,BTCUSDT,mmap,rings/binance_trade_chunk0,1,1962,113647.78,9e-05,,,,1761504979216,,1761504979354,,,
2025-10-26T18:56:19.354Z,BTCUSDT,ws,bookTicker,0,,,,113647.77000000,113647.78000000,113647.775,,1761504969823,1761504979354,,,
2025-10-26T18:56:20.294Z,BTCUSDT,mmap,rings/binance_trade_chunk0,1,2007,113647.78,0.0088,,,,1761504980236,,1761504980294,,,
2025-10-26T18:56:20.294Z,BTCUSDT,ws,bookTicker,0,,,,113647.77000000,113647.78000000,113647.775,,1761504969851,1761504980294,,,
2025-10-26T18:56:20.646Z,BTCUSDT,mmap,rings/binance_trade_chunk0,1,2019,113647.78,0.00013,,,,1761504980610,,1761504980646,,,
2025-10-26T18:56:20.646Z,BTCUSDT,ws,bookTicker,0,,,,113647.77000000,113647.78000000,113647.775,,1761504970018,1761504980646,,,
2025-10-26T18:56:20.730Z,BTCUSDT,mmap,rings/binance_trade_chunk0,1,2021,113647.78,7e-05,,,,1761504980705,,1761504980730,,,
2025-10-26T18:56:20.730Z,BTCUSDT,ws,bookTicker,0,,,,113647.77000000,113647.78000000,113647.775,,1761504970037,1761504980730,,,
2025-10-26T18:56:20.970Z,BTCUSDT,mmap,rings/binance_trade_chunk0,1,2024,113647.78,0.00011,,,,1761504980943,,1761504980970,,,
2025-10-26T18:56:20.970Z,BTCUSDT,ws,bookTicker,0,,,,113647.77000000,113647.78000000,113647.775,,1761504970038,1761504980970,,,
2025-10-26T18:56:21.197Z,BTCUSDT,mmap,rings/binance_trade_chunk0,1,2029,113647.77,0.00026,,,,1761504981167,,1761504981197,,,
2025-10-26T18:56:21.197Z,BTCUSDT,ws,bookTicker,0,,,,113647.77000000,113647.78000000,113647.775,,1761504970038,1761504981197,,,
2025-10-26T18:56:21.317Z,BTCUSDT,mmap,rings/binance_trade_chunk0,1,2032,113647.78,0.00044,,,,1761504981286,,1761504981317,,,
2025-10-26T18:56:21.317Z,BTCUSDT,ws,bookTicker,0,,,,113647.77000000,113647.78000000,113647.775,,1761504970039,1761504981317,,,
2025-10-26T18:56:21.787Z,BTCUSDT,mmap,rings/binance_trade_chunk0,1,2238,113647.78,9e-05,,,,1761504981643,,1761504981786,,,
2025-10-26T18:56:21.787Z,BTCUSDT,ws,trade,1,5390928250,113647.78,0.00049,,,,,1761504970082,1761504981787,,,
2025-10-26T18:56:21.800Z,BTCUSDT,mmap,rings/binance_trade_chunk0,1,2241,113647.78,0.00017,,,,1761504981692,,1761504981800,,,
2025-10-26T18:56:21.800Z,BTCUSDT,ws,bookTicker,0,,,,113647.77000000,113647.78000000,113647.775,,1761504970234,1761504981800,,,
2025-10-26T18:56:21.876Z,BTCUSDT,mmap,rings/binance_trade_chunk0,1,2238,113647.78,9e-05,,,,1761504981643,,1761504981876,,,
2025-10-26T18:56:21.877Z,BTCUSDT,ws,bookTicker,0,,,,113647.77000000,113647.78000000,113647.775,,1761504970493,1761504981877,,,
2025-10-26T18:56:21.877Z,BTCUSDT,mmap,rings/binance_trade_chunk0,1,2241,113647.78,0.00017,,,,1761504981692,,1761504981877,,,
2025-10-26T18:56:21.877Z,BTCUSDT,ws,bookTicker,0,,,,113647.77000000,113647.78000000,113647.775,,1761504970532,1761504981877,,,
2025-10-26T18:56:22.768Z,BTCUSDT,mmap,rings/binance_trade_chunk0,1,2319,113647.78,0.0001,,,,1761504982733,,1761504982768,,,
2025-10-26T18:56:22.768Z,BTCUSDT,ws,bookTicker,0,,,,113647.77000000,113647.78000000,113647.775,,1761504970705,1761504982768,,,
2025-10-26T18:56:22.769Z,BTCUSDT,mmap,rings/binance_trade_chunk0,1,2320,113647.78,0.00583,,,,1761504982745,,1761504982769,,,
2025-10-26T18:56:22.769Z,BTCUSDT,ws,trade,1,5390928251,113647.78,6e-05,,,,,1761504970611,1761504982769,,,
2025-10-26T18:56:22.783Z,BTCUSDT,mmap,rings/binance_trade_chunk0,1,2321,113647.78,0.02085,,,,1761504982745,,1761504982783,,,
2025-10-26T18:56:22.783Z,BTCUSDT,ws,bookTicker,0,,,,113647.77000000,113647.78000000,113647.775,,1761504970769,1761504982783,,,
2025-10-26T18:56:22.986Z,BTCUSDT,mmap,rings/binance_trade_chunk0,1,2338,113647.77,0.00195,,,,1761504982979,,1761504982986,,,
2025-10-26T18:56:22.986Z,BTCUSDT,ws,bookTicker,0,,,,113647.77000000,113647.78000000,113647.775,,1761504970856,1761504982986,,,
2025-10-26T18:56:23.234Z,BTCUSDT,mmap,rings/binance_trade_chunk0,1,2342,113647.77,5e-05,,,,1761504983170,,1761504983234,,,
2025-10-26T18:56:23.234Z,BTCUSDT,ws,bookTicker,0,,,,113647.77000000,113647.78000000,113647.775,,1761504970924,1761504983234,,,
2025-10-26T18:56:23.943Z,BTCUSDT,mmap,rings/binance_trade_chunk0,1,2367,113647.77,0.00017,,,,1761504983910,,1761504983943,,,
2025-10-26T18:56:23.943Z,BTCUSDT,ws,trade,1,5390928252,113647.77,0.00263,,,,,1761504970743,1761504983943,,,
2025-10-26T18:56:23.944Z,BTCUSDT,mmap,rings/binance_trade_chunk0,1,2369,113647.77,0.002,,,,1761504983923,,1761504983944,,,
2025-10-26T18:56:23.944Z,BTCUSDT,ws,bookTicker,0,,,,113647.77000000,113647.78000000,113647.775,,1761504970925,1761504983944,,,
2025-10-26T18:56:24.431Z,BTCUSDT,mmap,rings/binance_trade_chunk0,1,2406,113647.77,0.00012,,,,1761504984400,,1761504984431,,,
2025-10-26T18:56:24.431Z,BTCUSDT,ws,bookTicker,0,,,,113647.77000000,113647.78000000,113647.775,,1761504970925,1761504984431,,,
2025-10-26T18:56:25.045Z,BTCUSDT,mmap,rings/binance_trade_chunk0,1,2419,113647.77,0.00028,,,,1761504985031,,1761504985045,,,
2025-10-26T18:56:25.045Z,BTCUSDT,ws,trade,1,5390928253,113647.78,0.00412,,,,,1761504971193,1761504985045,,,
2025-10-26T18:56:25.816Z,BTCUSDT,mmap,rings/binance_trade_chunk0,1,2446,113647.77,0.00052,,,,1761504985804,,1761504985816,,,
2025-10-26T18:56:25.816Z,BTCUSDT,ws,bookTicker,0,,,,113647.77000000,113647.78000000,113647.775,,1761504971346,1761504985816,,,
2025-10-26T18:56:27.129Z,BTCUSDT,mmap,rings/binance_trade_chunk0,1,2474,113647.77,0.00163,,,,1761504987092,,1761504987129,,,
2025-10-26T18:56:27.129Z,BTCUSDT,ws,trade,1,5390928254,113647.78,0.00011,,,,,1761504971912,1761504987129,,,
2025-10-26T18:56:27.203Z,BTCUSDT,mmap,rings/binance_trade_chunk0,1,2476,113647.78,0.00346,,,,1761504987190,,1761504987203,,,
2025-10-26T18:56:27.203Z,BTCUSDT,ws,bookTicker,0,,,,113647.77000000,113647.78000000,113647.775,,1761504972065,1761504987203,,,
2025-10-26T18:56:27.412Z,BTCUSDT,mmap,rings/binance_trade_chunk0,1,2478,113647.77,0.00087,,,,1761504987366,,1761504987412,,,
2025-10-26T18:56:27.412Z,BTCUSDT,ws,trade,1,5390928255,113647.78,0.00063,,,,,1761504972336,1761504987412,,,
2025-10-26T18:56:28.083Z,BTCUSDT,mmap,rings/binance_trade_chunk0,1,2494,113647.77,0.00042,,,,1761504988005,,1761504988083,,,
2025-10-26T18:56:28.083Z,BTCUSDT,ws,bookTicker,0,,,,113647.77000000,113647.78000000,113647.775,,1761504972515,1761504988083,,,
2025-10-26T18:56:28.099Z,BTCUSDT,mmap,rings/binance_trade_chunk0,1,2497,113647.78,0.01187,,,,1761504988067,,1761504988099,,,
2025-10-26T18:56:28.099Z,BTCUSDT,ws,bookTicker,0,,,,113647.77000000,113647.78000000,113647.775,,1761504972641,1761504988099,,,
2025-10-26T18:56:28.163Z,BTCUSDT,mmap,rings/binance_trade_chunk0,1,2497,113647.78,0.01187,,,,1761504988067,,1761504988163,,,
2025-10-26T18:56:28.163Z,BTCUSDT,ws,bookTicker,0,,,,113647.77000000,113647.78000000,113647.775,,1761504972647,1761504988163,,,
2025-10-26T18:56:28.667Z,BTCUSDT,mmap,rings/binance_trade_chunk0,1,2521,113647.77,0.0007,,,,1761504988638,,1761504988667,,,
2025-10-26T18:56:28.667Z,BTCUSDT,ws,bookTicker,0,,,,113647.77000000,113647.78000000,113647.775,,1761504972738,1761504988667,,,
2025-10-26T18:56:29.439Z,BTCUSDT,mmap,rings/binance_trade_chunk0,1,2544,113647.77,5e-05,,,,1761504989423,,1761504989439,,,
2025-10-26T18:56:29.439Z,BTCUSDT,ws,bookTicker,0,,,,113647.77000000,113647.78000000,113647.775,,1761504972738,1761504989439,,,
2025-10-26T18:56:29.757Z,BTCUSDT,mmap,rings/binance_trade_chunk0,1,2548,113647.77,0.01631,,,,1761504989709,,1761504989757,,,
2025-10-26T18:56:29.757Z,BTCUSDT,ws,trade,1,5390928256,113647.77,7e-05,,,,,1761504972647,1761504989757,,,
2025-10-26T18:56:30.335Z,BTCUSDT,mmap,rings/binance_trade_chunk0,1,2557,113647.78,5e-05,,,,1761504990309,,1761504990335,,,
2025-10-26T18:56:30.335Z,BTCUSDT,ws,bookTicker,0,,,,113647.77000000,113647.78000000,113647.775,,1761504972821,1761504990335,,,
2025-10-26T18:56:30.502Z,BTCUSDT,mmap,rings/binance_trade_chunk0,1,2560,113647.78,7e-05,,,,1761504990462,,1761504990502,,,
2025-10-26T18:56:30.502Z,BTCUSDT,ws,bookTicker,0,,,,113647.77000000,113647.78000000,113647.775,,1761504973394,1761504990502,,,
2025-10-26T18:56:30.756Z,BTCUSDT,mmap,rings/binance_trade_chunk0,1,2563,113647.77,5e-05,,,,1761504990686,,1761504990756,,,
2025-10-26T18:56:30.756Z,BTCUSDT,ws,bookTicker,0,,,,113647.77000000,113647.78000000,113647.775,,1761504973575,1761504990756,,,
2025-10-26T18:56:31.236Z,BTCUSDT,mmap,rings/binance_trade_chunk0,1,2572,113647.77,0.17598,,,,1761504991198,,1761504991236,,,
2025-10-26T18:56:31.236Z,BTCUSDT,ws,bookTicker,0,,,,113647.77000000,113647.78000000,113647.775,,1761504973639,1761504991236,,,
2025-10-26T18:56:31.335Z,BTCUSDT,mmap,rings/binance_trade_chunk0,1,2575,113647.78,0.00262,,,,1761504991292,,1761504991335,,,
2025-10-26T18:56:31.335Z,BTCUSDT,ws,bookTicker,0,,,,113647.77000000,113647.78000000,113647.775,,1761504974543,1761504991335,,,
2025-10-26T18:56:31.411Z,BTCUSDT,mmap,rings/binance_trade_chunk0,1,2585,113647.78,0.02343,,,,1761504991380,,1761504991411,,,
2025-10-26T18:56:31.411Z,BTCUSDT,ws,bookTicker,0,,,,113647.77000000,113647.78000000,113647.775,,1761504974744,1761504991411,,,
2025-10-26T18:56:31.480Z,BTCUSDT,mmap,rings/binance_trade_chunk0,1,2586,113647.78,0.00268,,,,1761504991409,,1761504991480,,,
2025-10-26T18:56:31.480Z,BTCUSDT,ws,trade,1,5390928257,113647.78,5e-05,,,,,1761504974884,1761504991480,,,
2025-10-26T18:56:31.711Z,BTCUSDT,mmap,rings/binance_trade_chunk0,1,2588,113647.78,6e-05,,,,1761504991692,,1761504991711,,,
2025-10-26T18:56:31.712Z,BTCUSDT,ws,bookTicker,0,,,,113647.77000000,113647.78000000,113647.775,,1761504975035,1761504991712,,,
2025-10-26T18:56:32.402Z,BTCUSDT,mmap,rings/binance_trade_chunk0,1,2621,113647.77,0.00186,,,,1761504992336,,1761504992402,,,
2025-10-26T18:56:32.402Z,BTCUSDT,ws,bookTicker,0,,,,113647.77000000,113647.78000000,113647.775,,1761504975292,1761504992402,,,
2025-10-26T18:56:33.710Z,BTCUSDT,mmap,rings/binance_trade_chunk0,1,2651,113647.77,0.00114,,,,1761504993652,,1761504993710,,,
2025-10-26T18:56:33.710Z,BTCUSDT,ws,bookTicker,0,,,,113647.77000000,113647.78000000,113647.775,,1761504975292,1761504993710,,,
2025-10-26T18:56:34.067Z,BTCUSDT,mmap,rings/binance_trade_chunk0,1,2676,113647.77,0.00298,,,,1761504993987,,1761504994067,,,
2025-10-26T18:56:34.067Z,BTCUSDT,ws,bookTicker,0,,,,113647.77000000,113647.78000000,113647.775,,1761504975292,1761504994067,,,
2025-10-26T18:56:34.352Z,BTCUSDT,mmap,rings/binance_trade_chunk0,1,2687,113647.77,5e-05,,,,1761504994278,,1761504994352,,,
2025-10-26T18:56:34.352Z,BTCUSDT,ws,bookTicker,0,,,,113647.77000000,113647.78000000,113647.775,,1761504975293,1761504994352,,,
2025-10-26T18:56:34.524Z,BTCUSDT,mmap,rings/binance_trade_chunk0,1,2695,113647.78,4e-05,,,,1761504994439,,1761504994524,,,
2025-10-26T18:56:34.524Z,BTCUSDT,ws,bookTicker,0,,,,113647.77000000,113647.78000000,113647.775,,1761504975293,1761504994524,,,
2025-10-26T18:56:34.733Z,BTCUSDT,mmap,rings/binance_trade_chunk0,1,2702,113647.78,0.00438,,,,1761504994682,,1761504994733,,,
2025-10-26T18:56:34.733Z,BTCUSDT,ws,bookTicker,0,,,,113647.77000000,113647.78000000,113647.775,,1761504975293,1761504994733,,,
2025-10-26T18:56:36.395Z,BTCUSDT,mmap,rings/binance_trade_chunk0,1,2736,113647.77,0.00059,,,,1761504996371,,1761504996395,,,
2025-10-26T18:56:36.395Z,BTCUSDT,ws,bookTicker,0,,,,113647.77000000,113647.78000000,113647.775,,1761504975293,1761504996395,,,
2025-10-26T18:56:36.850Z,BTCUSDT,mmap,rings/binance_trade_chunk0,1,2740,113647.77,0.0002,,,,1761504996802,,1761504996850,,,
2025-10-26T18:56:36.850Z,BTCUSDT,ws,bookTicker,0,,,,113647.77000000,113647.78000000,113647.775,,1761504975294,1761504996850,,,
2025-10-26T18:56:37.669Z,BTCUSDT,mmap,rings/binance_trade_chunk0,1,2750,113647.78,0.00377,,,,1761504997640,,1761504997669,,,
2025-10-26T18:56:37.669Z,BTCUSDT,ws,bookTicker,0,,,,113647.77000000,113647.78000000,113647.775,,1761504975294,1761504997669,,,
2025-10-26T18:56:37.739Z,BTCUSDT,mmap,rings/binance_trade_chunk0,1,2753,113647.78,0.00516,,,,1761504997713,,1761504997739,,,
2025-10-26T18:56:37.739Z,BTCUSDT,ws,bookTicker,0,,,,113647.77000000,113647.78000000,113647.775,,1761504975295,1761504997739,,,
2025-10-26T18:56:39.004Z,BTCUSDT,mmap,rings/binance_trade_chunk0,1,2830,113647.77,8e-05,,,,1761504998997,,1761504999004,,,
2025-10-26T18:56:39.004Z,BTCUSDT,ws,bookTicker,0,,,,113647.77000000,113647.78000000,113647.775,,1761504975295,1761504999004,,,
2025-10-26T18:56:39.071Z,BTCUSDT,mmap,rings/binance_trade_chunk0,1,2830,113647.77,8e-05,,,,1761504998997,,1761504999071,,,
2025-10-26T18:56:39.071Z,BTCUSDT,ws,bookTicker,0,,,,113647.77000000,113647.78000000,113647.775,,1761504975295,1761504999071,,,
2025-10-26T18:56:39.515Z,BTCUSDT,mmap,rings/binance_trade_chunk0,1,2838,113647.78,0.00011,,,,1761504999497,,1761504999515,,,
2025-10-26T18:56:39.515Z,BTCUSDT,ws,bookTicker,0,,,,113647.77000000,113647.78000000,113647.775,,1761504975296,1761504999515,,,
2025-10-26T18:56:39.591Z,BTCUSDT,mmap,rings/binance_trade_chunk0,1,2838,113647.78,0.00011,,,,1761504999497,,1761504999591,,,
2025-10-26T18:56:39.591Z,BTCUSDT,ws,bookTicker,0,,,,113647.77000000,113647.78000000,113647.775,,1761504975296,1761504999591,,,
2025-10-26T18:56:40.139Z,BTCUSDT,mmap,rings/binance_trade_chunk0,1,2888,113647.77,0.00022,,,,1761505000073,,1761505000139,,,
2025-10-26T18:56:40.139Z,BTCUSDT,ws,bookTicker,0,,,,113647.77000000,113647.78000000,113647.775,,1761504975296,1761505000139,,,
2025-10-26T18:56:41.310Z,BTCUSDT,mmap,rings/binance_trade_chunk0,1,2931,113647.77,6e-05,,,,1761505001288,,1761505001310,,,
2025-10-26T18:56:41.310Z,BTCUSDT,ws,bookTicker,0,,,,113647.77000000,113647.78000000,113647.775,,1761504975297,1761505001310,,,
2025-10-26T18:56:43.213Z,BTCUSDT,mmap,rings/binance_trade_chunk0,1,2978,113647.78,0.00088,,,,1761505003190,,1761505003213,,,
2025-10-26T18:56:43.213Z,BTCUSDT,ws,bookTicker,0,,,,113647.77000000,113647.78000000,113647.775,,1761504975297,1761505003213,,,
2025-10-26T18:56:43.680Z,BTCUSDT,mmap,rings/binance_trade_chunk0,1,2990,113647.77,0.00054,,,,1761505003599,,1761505003680,,,
2025-10-26T18:56:43.680Z,BTCUSDT,ws,bookTicker,0,,,,113647.77000000,113647.78000000,113647.775,,1761504975297,1761505003680,,,
2025-10-26T18:56:43.850Z,BTCUSDT,mmap,rings/binance_trade_chunk0,1,2992,113647.77,0.00029,,,,1761505003761,,1761505003850,,,
2025-10-26T18:56:43.850Z,BTCUSDT,ws,bookTicker,0,,,,113647.77000000,113647.78000000,113647.775,,1761504975297,1761505003850,,,
2025-10-26T18:56:44.146Z,BTCUSDT,mmap,rings/binance_trade_chunk0,1,2995,113647.77,0.0015,,,,1761505004093,,1761505004146,,,
2025-10-26T18:56:44.147Z,BTCUSDT,ws,bookTicker,0,,,,113647.77000000,113647.78000000,113647.775,,1761504975298,1761505004147,,,
2025-10-26T18:56:45.604Z,BTCUSDT,mmap,rings/binance_trade_chunk0,1,3053,113647.77,0.00111,,,,1761505005581,,1761505005604,,,
2025-10-26T18:56:45.604Z,BTCUSDT,ws,bookTicker,0,,,,113647.77000000,113647.78000000,113647.775,,1761504975298,1761505005604,,,
2025-10-26T18:56:46.440Z,BTCUSDT,mmap,rings/binance_trade_chunk0,1,3093,113647.77,0.00141,,,,1761505006371,,1761505006440,,,
2025-10-26T18:56:46.440Z,BTCUSDT,ws,bookTicker,0,,,,113647.77000000,113647.78000000,113647.775,,1761504975298,1761505006440,,,
2025-10-26T18:56:46.558Z,BTCUSDT,mmap,rings/binance_trade_chunk0,1,3094,113647.78,0.00079,,,,1761505006526,,1761505006558,,,
2025-10-26T18:56:46.558Z,BTCUSDT,ws,bookTicker,0,,,,113647.77000000,113647.78000000,113647.775,,1761504975298,1761505006558,,,
2025-10-26T18:56:46.778Z,BTCUSDT,mmap,rings/binance_trade_chunk0,1,3097,113647.77,0.00123,,,,1761505006714,,1761505006778,,,
2025-10-26T18:56:46.778Z,BTCUSDT,ws,bookTicker,0,,,,113647.77000000,113647.78000000,113647.775,,1761504975299,1761505006778,,,
2025-10-26T18:56:46.778Z,BTCUSDT,mmap,rings/binance_trade_chunk0,1,3098,113647.77,5e-05,,,,1761505006714,,1761505006778,,,
2025-10-26T18:56:46.778Z,BTCUSDT,ws,bookTicker,0,,,,113647.77000000,113647.78000000,113647.775,,1761504975299,1761505006778,,,
2025-10-26T18:56:46.779Z,BTCUSDT,mmap,rings/binance_trade_chunk0,1,3099,113647.77,0.005,,,,1761505006714,,1761505006779,,,
2025-10-26T18:56:46.779Z,BTCUSDT,ws,bookTicker,0,,,,113647.77000000,113647.78000000,113647.775,,1761504975316,1761505006779,,,
2025-10-26T18:56:47.514Z,BTCUSDT,mmap,rings/binance_trade_chunk0,1,3197,113647.77,0.00035,,,,1761505007450,,1761505007514,,,
2025-10-26T18:56:47.514Z,BTCUSDT,ws,bookTicker,0,,,,113647.77000000,113647.78000000,113647.775,,1761504975378,1761505007514,,,
2025-10-26T18:56:47.813Z,BTCUSDT,mmap,rings/binance_trade_chunk0,1,3197,113647.77,0.00035,,,,1761505007450,,1761505007813,,,
2025-10-26T18:56:47.813Z,BTCUSDT,ws,bookTicker,0,,,,113647.77000000,113647.78000000,113647.775,,1761504975379,1761505007813,,,
2025-10-26T18:56:48.033Z,BTCUSDT,mmap,rings/binance_trade_chunk0,1,3396,113647.77,0.00035,,,,1761505007586,,1761505008033,,,
2025-10-26T18:56:48.033Z,BTCUSDT,ws,bookTicker,0,,,,113647.77000000,113647.78000000,113647.775,,1761504975379,1761505008033,,,
2025-10-26T18:56:48.042Z,BTCUSDT,mmap,rings/binance_trade_chunk0,1,3407,113647.78,6e-05,,,,1761505007659,,1761505008042,,,
2025-10-26T18:56:48.042Z,BTCUSDT,ws,bookTicker,0,,,,113647.77000000,113647.78000000,113647.775,,1761504975380,1761505008042,,,
2025-10-26T18:56:48.057Z,BTCUSDT,mmap,rings/binance_trade_chunk0,1,3438,113647.78,0.00362,,,,1761505007669,,1761505008057,,,
2025-10-26T18:56:48.057Z,BTCUSDT,ws,bookTicker,0,,,,113647.77000000,113647.78000000,113647.775,,1761504975380,1761505008057,,,
2025-10-26T18:56:48.076Z,BTCUSDT,mmap,rings/binance_trade_chunk0,1,3445,113647.78,0.00255,,,,1761505007728,,1761505008076,,,
2025-10-26T18:56:48.076Z,BTCUSDT,ws,bookTicker,0,,,,113647.77000000,113647.78000000,113647.775,,1761504975392,1761505008076,,,
2025-10-26T18:56:48.177Z,BTCUSDT,mmap,rings/binance_trade_chunk0,1,3407,113647.78,6e-05,,,,1761505007659,,1761505008177,,,
2025-10-26T18:56:48.177Z,BTCUSDT,ws,bookTicker,0,,,,113647.77000000,113647.78000000,113647.775,,1761504975392,1761505008177,,,
2025-10-26T18:56:48.204Z,BTCUSDT,mmap,rings/binance_trade_chunk0,1,3438,113647.78,0.00362,,,,1761505007669,,1761505008204,,,
2025-10-26T18:56:48.204Z,BTCUSDT,ws,bookTicker,0,,,,113647.77000000,113647.78000000,113647.775,,1761504975394,1761505008204,,,
2025-10-26T18:56:48.205Z,BTCUSDT,mmap,rings/binance_trade_chunk0,1,3445,113647.78,0.00255,,,,1761505007728,,1761505008205,,,
2025-10-26T18:56:48.205Z,BTCUSDT,ws,bookTicker,0,,,,113647.77000000,113647.78000000,113647.775,,1761504975395,1761505008205,,,
2025-10-26T18:56:48.486Z,BTCUSDT,mmap,rings/binance_trade_chunk0,1,3582,113647.77,0.00103,,,,1761505008357,,1761505008486,,,
2025-10-26T18:56:48.486Z,BTCUSDT,ws,bookTicker,0,,,,113647.77000000,113647.78000000,113647.775,,1761504975400,1761505008486,,,
2025-10-26T18:56:48.656Z,BTCUSDT,mmap,rings/binance_trade_chunk0,1,3582,113647.77,0.00103,,,,1761505008357,,1761505008656,,,
2025-10-26T18:56:48.656Z,BTCUSDT,ws,bookTicker,0,,,,113647.77000000,113647.78000000,113647.775,,1761504975401,1761505008656,,,
2025-10-26T18:56:48.658Z,BTCUSDT,mmap,rings/binance_trade_chunk0,1,3587,113647.77,0.00083,,,,1761505008589,,1761505008658,,,
2025-10-26T18:56:48.658Z,BTCUSDT,ws,bookTicker,0,,,,113647.77000000,113647.78000000,113647.775,,1761504975401,1761505008658,,,
2025-10-26T18:56:48.746Z,BTCUSDT,mmap,rings/binance_trade_chunk0,1,3587,113647.77,0.00083,,,,1761505008589,,1761505008746,,,
2025-10-26T18:56:48.747Z,BTCUSDT,ws,bookTicker,0,,,,113647.77000000,113647.78000000,113647.775,,1761504975414,1761505008746,,,
2025-10-26T18:56:49.291Z,BTCUSDT,mmap,rings/binance_trade_chunk0,1,3621,113647.77,0.00051,,,,1761505009139,,1761505009291,,,
2025-10-26T18:56:49.291Z,BTCUSDT,ws,bookTicker,0,,,,113647.77000000,113647.78000000,113647.775,,1761504975414,1761505009291,,,
2025-10-26T18:56:49.509Z,BTCUSDT,mmap,rings/binance_trade_chunk0,1,3649,113647.78,0.00035,,,,1761505009455,,1761505009509,,,
2025-10-26T18:56:49.509Z,BTCUSDT,ws,bookTicker,0,,,,113647.77000000,113647.78000000,113647.775,,1761504975415,1761505009509,,,
2025-10-26T18:56:49.643Z,BTCUSDT,mmap,rings/binance_trade_chunk0,1,3687,113647.77,0.00033,,,,1761505009555,,1761505009643,,,
2025-10-26T18:56:49.643Z,BTCUSDT,ws,bookTicker,0,,,,113647.77000000,113647.78000000,113647.775,,1761504975415,1761505009643,,,
2025-10-26T18:56:50.315Z,BTCUSDT,mmap,rings/binance_trade_chunk0,1,3707,113647.78,0.02349,,,,1761505010301,,1761505010315,,,
2025-10-26T18:56:50.315Z,BTCUSDT,ws,bookTicker,0,,,,113647.77000000,113647.78000000,113647.775,,1761504975415,1761505010315,,,
2025-10-26T18:56:50.674Z,BTCUSDT,mmap,rings/binance_trade_chunk0,1,3774,113647.77,0.00633,,,,1761505010587,,1761505010674,,,
2025-10-26T18:56:50.674Z,BTCUSDT,ws,bookTicker,0,,,,113647.77000000,113647.78000000,113647.775,,1761504975415,1761505010674,,,
2025-10-26T18:56:50.675Z,BTCUSDT,mmap,rings/binance_trade_chunk0,1,3775,113647.78,0.00027,,,,1761505010646,,1761505010675,,,
2025-10-26T18:56:50.675Z,BTCUSDT,ws,bookTicker,0,,,,113647.77000000,113647.78000000,113647.775,,1761504975432,1761505010675,,,
2025-10-26T18:56:50.756Z,BTCUSDT,mmap,rings/binance_trade_chunk0,1,3774,113647.77,0.00633,,,,1761505010587,,1761505010756,,,
2025-10-26T18:56:50.756Z,BTCUSDT,ws,trade,1,5390928258,113647.77,0.00088,,,,,1761504975289,1761505010756,,,
2025-10-26T18:56:50.771Z,BTCUSDT,mmap,rings/binance_trade_chunk0,1,3775,113647.78,0.00027,,,,1761505010646,,1761505010771,,,
2025-10-26T18:56:50.771Z,BTCUSDT,ws,bookTicker,0,,,,113647.77000000,113647.78000000,113647.775,,1761504975433,1761505010771,,,
2025-10-26T18:56:51.511Z,BTCUSDT,mmap,rings/binance_trade_chunk0,1,3813,113647.77,0.0001,,,,1761505011473,,1761505011511,,,
2025-10-26T18:56:51.511Z,BTCUSDT,ws,bookTicker,0,,,,113647.77000000,113647.78000000,113647.775,,1761504975440,1761505011511,,,
2025-10-26T18:56:51.654Z,BTCUSDT,mmap,rings/binance_trade_chunk0,1,3817,113647.77,0.00049,,,,1761505011632,,1761505011654,,,
2025-10-26T18:56:51.654Z,BTCUSDT,ws,bookTicker,0,,,,113647.77000000,113647.78000000,113647.775,,1761504975455,1761505011654,,,
2025-10-26T18:56:52.505Z,BTCUSDT,mmap,rings/binance_trade_chunk0,1,3835,113647.78,0.00029,,,,1761505012443,,1761505012505,,,
2025-10-26T18:56:52.505Z,BTCUSDT,ws,bookTicker,0,,,,113647.77000000,113647.78000000,113647.775,,1761504975455,1761505012505,,,
2025-10-26T18:56:52.810Z,BTCUSDT,mmap,rings/binance_trade_chunk0,1,3851,113647.77,0.0043,,,,1761505012780,,1761505012810,,,
2025-10-26T18:56:52.810Z,BTCUSDT,ws,bookTicker,0,,,,113647.77000000,113647.78000000,113647.775,,1761504975455,1761505012810,,,
2025-10-26T18:56:52.963Z,BTCUSDT,mmap,rings/binance_trade_chunk0,1,3853,113647.77,9e-05,,,,1761505012891,,1761505012963,,,
2025-10-26T18:56:52.963Z,BTCUSDT,ws,bookTicker,0,,,,113647.77000000,113647.78000000,113647.775,,1761504975457,1761505012963,,,
2025-10-26T18:56:53.947Z,BTCUSDT,mmap,rings/binance_trade_chunk0,1,3876,113647.78,0.00437,,,,1761505013908,,1761505013947,,,
2025-10-26T18:56:53.947Z,BTCUSDT,ws,bookTicker,0,,,,113647.77000000,113647.78000000,113647.775,,1761504975457,1761505013947,,,
2025-10-26T18:56:54.457Z,BTCUSDT,mmap,rings/binance_trade_chunk0,1,3898,113647.78,7e-05,,,,1761505014412,,1761505014457,,,
2025-10-26T18:56:54.457Z,BTCUSDT,ws,bookTicker,0,,,,113647.77000000,113647.78000000,113647.775,,1761504975457,1761505014457,,,
2025-10-26T18:56:54.851Z,BTCUSDT,mmap,rings/binance_trade_chunk0,1,3912,113647.78,0.00504,,,,1761505014766,,1761505014851,,,
2025-10-26T18:56:54.851Z,BTCUSDT,ws,bookTicker,0,,,,113647.77000000,113647.78000000,113647.775,,1761504975553,1761505014851,,,
2025-10-26T18:56:56.588Z,BTCUSDT,mmap,rings/binance_trade_chunk0,1,4045,113647.78,5e-05,,,,1761505016535,,1761505016588,,,
2025-10-26T18:56:56.588Z,BTCUSDT,ws,bookTicker,0,,,,113647.77000000,113647.78000000,113647.775,,1761504975553,1761505016588,,,
2025-10-26T18:56:56.651Z,BTCUSDT,mmap,rings/binance_trade_chunk0,1,4046,113647.77,5e-05,,,,1761505016598,,1761505016651,,,
2025-10-26T18:56:56.651Z,BTCUSDT,ws,bookTicker,0,,,,113647.77000000,113647.78000000,113647.775,,1761504975557,1761505016651,,,
2025-10-26T18:56:56.652Z,BTCUSDT,mmap,rings/binance_trade_chunk0,1,4047,113647.77,5e-05,,,,1761505016598,,1761505016652,,,
2025-10-26T18:56:56.652Z,BTCUSDT,ws,bookTicker,0,,,,113647.77000000,113647.78000000,113647.775,,1761504975642,1761505016652,,,
2025-10-26T18:56:56.653Z,BTCUSDT,mmap,rings/binance_trade_chunk0,1,4048,113647.77,0.00026,,,,1761505016598,,1761505016653,,,
2025-10-26T18:56:56.653Z,BTCUSDT,ws,bookTicker,0,,,,113647.77000000,113647.78000000,113647.775,,1761504975642,1761505016653,,,
2025-10-26T18:56:57.306Z,BTCUSDT,mmap,rings/binance_book_chunk0,0,16348,113647.6,,113647.42,113647.78,113647.6,1761505017245,,1761505017306,,,
2025-10-26T18:56:57.306Z,BTCUSDT,ws,bookTicker,0,,,,113647.77000000,113647.78000000,113647.775,,1761504975643,1761505017306,,,
2025-10-26T18:56:57.335Z,BTCUSDT,mmap,rings/binance_book_chunk0,0,16349,113647.42499999999,,113647.42,113647.43,113647.42499999999,1761505017245,,1761505017335,,,
2025-10-26T18:56:57.335Z,BTCUSDT,ws,bookTicker,0,,,,113647.77000000,113647.78000000,113647.775,,1761504975643,1761505017335,,,
2025-10-26T18:56:57.377Z,BTCUSDT,mmap,rings/binance_book_chunk0,0,16357,113647.035,,113646.64,113647.43,113647.035,1761505017293,,1761505017377,,,
2025-10-26T18:56:57.377Z,BTCUSDT,ws,bookTicker,0,,,,113647.77000000,113647.78000000,113647.775,,1761504975661,1761505017377,,,
2025-10-26T18:56:57.378Z,BTCUSDT,mmap,rings/binance_book_chunk0,0,16358,113646.64499999999,,113646.64,113646.65,113646.64499999999,1761505017293,,1761505017378,,,
2025-10-26T18:56:57.378Z,BTCUSDT,ws,bookTicker,0,,,,113647.77000000,113647.78000000,113647.775,,1761504975699,1761505017378,,,
2025-10-26T18:56:57.451Z,BTCUSDT,mmap,rings/binance_trade_chunk0,1,4057,113647.78,0.00219,,,,1761505017403,,1761505017451,,,
2025-10-26T18:56:57.451Z,BTCUSDT,ws,bookTicker,0,,,,113647.77000000,113647.78000000,113647.775,,1761504975768,1761505017451,,,
2025-10-26T18:56:57.461Z,BTCUSDT,mmap,rings/binance_trade_chunk0,1,4059,113647.77,6e-05,,,,1761505017403,,1761505017461,,,
2025-10-26T18:56:57.461Z,BTCUSDT,ws,bookTicker,0,,,,113647.77000000,113647.78000000,113647.775,,1761504975769,1761505017461,,,
2025-10-26T18:56:57.463Z,BTCUSDT,mmap,rings/binance_trade_chunk0,1,4062,113647.77,0.00012,,,,1761505017403,,1761505017463,,,
2025-10-26T18:56:57.463Z,BTCUSDT,ws,bookTicker,0,,,,113647.77000000,113647.78000000,113647.775,,1761504975770,1761505017463,,,
2025-10-26T18:56:57.463Z,BTCUSDT,mmap,rings/binance_trade_chunk0,1,4063,113647.77,5e-05,,,,1761505017403,,1761505017463,,,
2025-10-26T18:56:57.463Z,BTCUSDT,ws,bookTicker,0,,,,113647.77000000,113647.78000000,113647.775,,1761504975770,1761505017463,,,
2025-10-26T18:56:57.464Z,BTCUSDT,mmap,rings/binance_trade_chunk0,1,4064,113647.77,5e-05,,,,1761505017403,,1761505017464,,,
2025-10-26T18:56:57.464Z,BTCUSDT,ws,trade,1,5390928259,113647.77,0.00084,,,,,1761504975679,1761505017464,,,
2025-10-26T18:56:57.464Z,BTCUSDT,mmap,rings/binance_trade_chunk0,1,4065,113647.77,5e-05,,,,1761505017403,,1761505017464,,,
2025-10-26T18:56:57.464Z,BTCUSDT,ws,bookTicker,0,,,,113647.77000000,113647.78000000,113647.775,,1761504975816,1761505017464,,,
2025-10-26T18:56:57.464Z,BTCUSDT,mmap,rings/binance_trade_chunk0,1,4066,113647.77,5e-05,,,,1761505017403,,1761505017464,,,
2025-10-26T18:56:57.464Z,BTCUSDT,ws,bookTicker,0,,,,113647.77000000,113647.78000000,113647.775,,1761504975852,1761505017464,,,
2025-10-26T18:56:57.465Z,BTCUSDT,mmap,rings/binance_trade_chunk0,1,4067,113647.77,0.00066,,,,1761505017403,,1761505017465,,,
2025-10-26T18:56:57.465Z,BTCUSDT,ws,bookTicker,0,,,,113647.77000000,113647.78000000,113647.775,,1761504975852,1761505017465,,,
2025-10-26T18:56:57.465Z,BTCUSDT,mmap,rings/binance_trade_chunk0,1,4068,113647.77,5e-05,,,,1761505017403,,1761505017465,,,
2025-10-26T18:56:57.465Z,BTCUSDT,ws,bookTicker,0,,,,113647.77000000,113647.78000000,113647.775,,1761504975853,1761505017465,,,
2025-10-26T18:56:57.466Z,BTCUSDT,mmap,rings/binance_trade_chunk0,1,4069,113647.77,5e-05,,,,1761505017403,,1761505017466,,,
2025-10-26T18:56:57.466Z,BTCUSDT,ws,bookTicker,0,,,,113647.77000000,113647.78000000,113647.775,,1761504975853,1761505017466,,,
2025-10-26T18:56:57.466Z,BTCUSDT,mmap,rings/binance_trade_chunk0,1,4070,113647.77,0.07015,,,,1761505017403,,1761505017466,,,
2025-10-26T18:56:57.466Z,BTCUSDT,ws,bookTicker,0,,,,113647.77000000,113647.78000000,113647.775,,1761504975921,1761505017466,,,
2025-10-26T18:56:57.466Z,BTCUSDT,mmap,rings/binance_trade_chunk0,1,4071,113647.77,5e-05,,,,1761505017403,,1761505017466,,,
2025-10-26T18:56:57.466Z,BTCUSDT,ws,bookTicker,0,,,,113647.77000000,113647.78000000,113647.775,,1761504975937,1761505017466,,,
2025-10-26T18:56:57.477Z,BTCUSDT,mmap,rings/binance_trade_chunk0,1,4072,113647.77,5e-05,,,,1761505017403,,1761505017477,,,
2025-10-26T18:56:57.477Z,BTCUSDT,ws,bookTicker,0,,,,113647.77000000,113647.78000000,113647.775,,1761504975953,1761505017477,,,
2025-10-26T18:56:57.478Z,BTCUSDT,mmap,rings/binance_trade_chunk0,1,4073,113647.77,0.00095,,,,1761505017403,,1761505017478,,,
2025-10-26T18:56:57.478Z,BTCUSDT,ws,bookTicker,0,,,,113647.77000000,113647.78000000,113647.775,,1761504975953,1761505017478,,,
2025-10-26T18:56:57.479Z,BTCUSDT,mmap,rings/binance_trade_chunk0,1,4074,113647.77,5e-05,,,,1761505017403,,1761505017479,,,
2025-10-26T18:56:57.479Z,BTCUSDT,ws,bookTicker,0,,,,113647.77000000,113647.78000000,113647.775,,1761504975954,1761505017479,,,
2025-10-26T18:56:57.479Z,BTCUSDT,mmap,rings/binance_trade_chunk0,1,4075,113647.77,5e-05,,,,1761505017403,,1761505017479,,,
2025-10-26T18:56:57.479Z,BTCUSDT,ws,bookTicker,0,,,,113647.77000000,113647.78000000,113647.775,,1761504975954,1761505017479,,,
2025-10-26T18:56:57.480Z,BTCUSDT,mmap,rings/binance_trade_chunk0,1,4076,113647.77,5e-05,,,,1761505017403,,1761505017480,,,
2025-10-26T18:56:57.480Z,BTCUSDT,ws,bookTicker,0,,,,113647.77000000,113647.78000000,113647.775,,1761504976105,1761505017480,,,
2025-10-26T18:56:57.480Z,BTCUSDT,mmap,rings/binance_trade_chunk0,1,4077,113647.77,5e-05,,,,1761505017403,,1761505017480,,,
2025-10-26T18:56:57.480Z,BTCUSDT,ws,bookTicker,0,,,,113647.77000000,113647.78000000,113647.775,,1761504976105,1761505017480,,,
2025-10-26T18:56:57.491Z,BTCUSDT,mmap,rings/binance_trade_chunk0,1,4078,113647.77,0.00176,,,,1761505017403,,1761505017491,,,
2025-10-26T18:56:57.491Z,BTCUSDT,ws,bookTicker,0,,,,113647.77000000,113647.78000000,113647.775,,1761504976155,1761505017491,,,
2025-10-26T18:56:57.492Z,BTCUSDT,mmap,rings/binance_trade_chunk0,1,4079,113647.77,5e-05,,,,1761505017403,,1761505017492,,,
2025-10-26T18:56:57.492Z,BTCUSDT,ws,bookTicker,0,,,,113647.77000000,113647.78000000,113647.775,,1761504976249,1761505017492,,,
2025-10-26T18:56:57.492Z,BTCUSDT,mmap,rings/binance_trade_chunk0,1,4080,113647.77,0.00585,,,,1761505017403,,1761505017492,,,
2025-10-26T18:56:57.492Z,BTCUSDT,ws,bookTicker,0,,,,113647.77000000,113647.78000000,113647.775,,1761504976252,1761505017492,,,
2025-10-26T18:56:57.492Z,BTCUSDT,mmap,rings/binance_trade_chunk0,1,4081,113647.77,5e-05,,,,1761505017403,,1761505017492,,,
2025-10-26T18:56:57.492Z,BTCUSDT,ws,bookTicker,0,,,,113647.77000000,113647.78000000,113647.775,,1761504976252,1761505017492,,,
2025-10-26T18:56:57.493Z,BTCUSDT,mmap,rings/binance_trade_chunk0,1,4082,113647.77,5e-05,,,,1761505017403,,1761505017493,,,
2025-10-26T18:56:57.493Z,BTCUSDT,ws,bookTicker,0,,,,113647.77000000,113647.78000000,113647.775,,1761504976349,1761505017493,,,
2025-10-26T18:56:57.494Z,BTCUSDT,mmap,rings/binance_trade_chunk0,1,4083,113647.77,5e-05,,,,1761505017403,,1761505017494,,,
2025-10-26T18:56:57.494Z,BTCUSDT,ws,bookTicker,0,,,,113647.77000000,113647.78000000,113647.775,,1761504976554,1761505017494,,,
2025-10-26T18:56:57.494Z,BTCUSDT,mmap,rings/binance_trade_chunk0,1,4084,113647.77,0.00012,,,,1761505017403,,1761505017494,,,
2025-10-26T18:56:57.494Z,BTCUSDT,ws,bookTicker,0,,,,113647.77000000,113647.78000000,113647.775,,1761504976565,1761505017494,,,
2025-10-26T18:56:57.494Z,BTCUSDT,mmap,rings/binance_trade_chunk0,1,4085,113647.77,5e-05,,,,1761505017403,,1761505017494,,,
2025-10-26T18:56:57.494Z,BTCUSDT,ws,bookTicker,0,,,,113647.77000000,113647.78000000,113647.775,,1761504976566,1761505017494,,,
2025-10-26T18:56:57.494Z,BTCUSDT,mmap,rings/binance_trade_chunk0,1,4086,113647.77,5e-05,,,,1761505017403,,1761505017494,,,
2025-10-26T18:56:57.494Z,BTCUSDT,ws,bookTicker,0,,,,113647.77000000,113647.78000000,113647.775,,1761504976666,1761505017494,,,
2025-10-26T18:56:57.494Z,BTCUSDT,mmap,rings/binance_trade_chunk0,1,4087,113647.77,5e-05,,,,1761505017403,,1761505017494,,,
2025-10-26T18:56:57.494Z,BTCUSDT,ws,bookTicker,0,,,,113647.77000000,113647.78000000,113647.775,,1761504976666,1761505017494,,,
2025-10-26T18:56:57.495Z,BTCUSDT,mmap,rings/binance_trade_chunk0,1,4088,113647.77,5e-05,,,,1761505017403,,1761505017495,,,
2025-10-26T18:56:57.495Z,BTCUSDT,ws,trade,1,5390928260,113647.77,5e-05,,,,,1761504976538,1761505017495,,,
2025-10-26T18:56:57.495Z,BTCUSDT,mmap,rings/binance_trade_chunk0,1,4089,113647.77,5e-05,,,,1761505017403,,1761505017495,,,
2025-10-26T18:56:57.495Z,BTCUSDT,ws,bookTicker,0,,,,113647.77000000,113647.78000000,113647.775,,1761504976695,1761505017495,,,
2025-10-26T18:56:57.495Z,BTCUSDT,mmap,rings/binance_trade_chunk0,1,4090,113647.77,0.00129,,,,1761505017403,,1761505017495,,,
2025-10-26T18:56:57.495Z,BTCUSDT,ws,bookTicker,0,,,,113647.77000000,113647.78000000,113647.775,,1761504976759,1761505017495,,,
2025-10-26T18:56:57.495Z,BTCUSDT,mmap,rings/binance_trade_chunk0,1,4091,113647.77,0.00023,,,,1761505017403,,1761505017495,,,
2025-10-26T18:56:57.495Z,BTCUSDT,ws,bookTicker,0,,,,113647.77000000,113647.78000000,113647.775,,1761504976762,1761505017495,,,
2025-10-26T18:56:57.495Z,BTCUSDT,mmap,rings/binance_trade_chunk0,1,4092,113647.77,5e-05,,,,1761505017403,,1761505017495,,,
2025-10-26T18:56:57.495Z,BTCUSDT,ws,bookTicker,0,,,,113647.77000000,113647.78000000,113647.775,,1761504976763,1761505017495,,,
2025-10-26T18:56:57.496Z,BTCUSDT,mmap,rings/binance_trade_chunk0,1,4093,113647.77,5e-05,,,,1761505017403,,1761505017496,,,
2025-10-26T18:56:57.496Z,BTCUSDT,ws,bookTicker,0,,,,113647.77000000,113647.78000000,113647.775,,1761504976842,1761505017496,,,
2025-10-26T18:56:57.496Z,BTCUSDT,mmap,rings/binance_trade_chunk0,1,4094,113647.77,0.00879,,,,1761505017403,,1761505017496,,,
2025-10-26T18:56:57.496Z,BTCUSDT,ws,bookTicker,0,,,,113647.77000000,113647.78000000,113647.775,,1761504976856,1761505017496,,,
2025-10-26T18:56:57.496Z,BTCUSDT,mmap,rings/binance_trade_chunk0,1,4095,113647.77,5e-05,,,,1761505017403,,1761505017496,,,
2025-10-26T18:56:57.496Z,BTCUSDT,ws,bookTicker,0,,,,113647.77000000,113647.78000000,113647.775,,1761504976866,1761505017496,,,
2025-10-26T18:56:57.497Z,BTCUSDT,mmap,rings/binance_trade_chunk0,1,4096,113647.77,5e-05,,,,1761505017403,,1761505017497,,,
2025-10-26T18:56:57.497Z,BTCUSDT,ws,bookTicker,0,,,,113647.77000000,113647.78000000,113647.775,,1761504976866,1761505017497,,,
2025-10-26T18:56:57.497Z,BTCUSDT,mmap,rings/binance_trade_chunk0,1,4097,113647.77,5e-05,,,,1761505017403,,1761505017497,,,
2025-10-26T18:56:57.497Z,BTCUSDT,ws,bookTicker,0,,,,113647.77000000,113647.78000000,113647.775,,1761504976866,1761505017497,,,
2025-10-26T18:56:57.498Z,BTCUSDT,mmap,rings/binance_trade_chunk0,1,4098,113647.76,5e-05,,,,1761505017403,,1761505017498,,,
2025-10-26T18:56:57.498Z,BTCUSDT,ws,bookTicker,0,,,,113647.77000000,113647.78000000,113647.775,,1761504976899,1761505017498,,,
2025-10-26T18:56:57.499Z,BTCUSDT,mmap,rings/binance_trade_chunk0,1,4099,113647.76,5e-05,,,,1761505017403,,1761505017499,,,
2025-10-26T18:56:57.499Z,BTCUSDT,ws,bookTicker,0,,,,113647.77000000,113647.78000000,113647.775,,1761504976901,1761505017499,,,
2025-10-26T18:56:57.499Z,BTCUSDT,mmap,rings/binance_trade_chunk0,1,4100,113647.76,5e-05,,,,1761505017403,,1761505017499,,,
2025-10-26T18:56:57.499Z,BTCUSDT,ws,trade,1,5390928261,113647.77,0.00126,,,,,1761504976773,1761505017499,,,
2025-10-26T18:56:57.514Z,BTCUSDT,mmap,rings/binance_trade_chunk0,1,4101,113647.76,5e-05,,,,1761505017403,,1761505017514,,,
2025-10-26T18:56:57.514Z,BTCUSDT,ws,bookTicker,0,,,,113647.77000000,113647.78000000,113647.775,,1761504976924,1761505017514,,,
2025-10-26T18:56:57.514Z,BTCUSDT,mmap,rings/binance_trade_chunk0,1,4102,113647.76,5e-05,,,,1761505017403,,1761505017514,,,
2025-10-26T18:56:57.514Z,BTCUSDT,ws,bookTicker,0,,,,113647.77000000,113647.78000000,113647.775,,1761504976924,1761505017514,,,
2025-10-26T18:56:57.515Z,BTCUSDT,mmap,rings/binance_trade_chunk0,1,4103,113647.76,5e-05,,,,1761505017403,,1761505017515,,,
2025-10-26T18:56:57.515Z,BTCUSDT,ws,bookTicker,0,,,,113647.77000000,113647.78000000,113647.775,,1761504976940,1761505017515,,,
2025-10-26T18:56:57.515Z,BTCUSDT,mmap,rings/binance_trade_chunk0,1,4104,113647.76,5e-05,,,,1761505017403,,1761505017515,,,
2025-10-26T18:56:57.515Z,BTCUSDT,ws,bookTicker,0,,,,113647.77000000,113647.78000000,113647.775,,1761504976957,1761505017515,,,
2025-10-26T18:56:57.516Z,BTCUSDT,mmap,rings/binance_trade_chunk0,1,4105,113647.76,5e-05,,,,1761505017403,,1761505017516,,,
2025-10-26T18:56:57.516Z,BTCUSDT,ws,bookTicker,0,,,,113647.77000000,113647.78000000,113647.775,,1761504976957,1761505017516,,,
2025-10-26T18:56:57.516Z,BTCUSDT,mmap,rings/binance_trade_chunk0,1,4106,113647.76,5e-05,,,,1761505017403,,1761505017516,,,
2025-10-26T18:56:57.516Z,BTCUSDT,ws,bookTicker,0,,,,113647.77000000,113647.78000000,113647.775,,1761504976959,1761505017516,,,
2025-10-26T18:56:57.516Z,BTCUSDT,mmap,rings/binance_trade_chunk0,1,4107,113647.76,5e-05,,,,1761505017403,,1761505017516,,,
2025-10-26T18:56:57.516Z,BTCUSDT,ws,bookTicker,0,,,,113647.77000000,113647.78000000,113647.775,,1761504976979,1761505017516,,,
2025-10-26T18:56:57.516Z,BTCUSDT,mmap,rings/binance_trade_chunk0,1,4108,113647.76,5e-05,,,,1761505017403,,1761505017516,,,
2025-10-26T18:56:57.516Z,BTCUSDT,ws,bookTicker,0,,,,113647.77000000,113647.78000000,113647.775,,1761504976980,1761505017516,,,
2025-10-26T18:56:57.516Z,BTCUSDT,mmap,rings/binance_trade_chunk0,1,4109,113647.76,5e-05,,,,1761505017403,,1761505017516,,,
2025-10-26T18:56:57.516Z,BTCUSDT,ws,bookTicker,0,,,,113647.77000000,113647.78000000,113647.775,,1761504976980,1761505017516,,,
2025-10-26T18:56:57.517Z,BTCUSDT,mmap,rings/binance_trade_chunk0,1,4110,113647.76,5e-05,,,,1761505017403,,1761505017517,,,
2025-10-26T18:56:57.517Z,BTCUSDT,ws,bookTicker,0,,,,113647.77000000,113647.78000000,113647.775,,1761504976982,1761505017517,,,
2025-10-26T18:56:57.539Z,BTCUSDT,mmap,rings/binance_trade_chunk0,1,4111,113647.76,5e-05,,,,1761505017403,,1761505017539,,,
2025-10-26T18:56:57.539Z,BTCUSDT,ws,bookTicker,0,,,,113647.77000000,113647.78000000,113647.775,,1761504976982,1761505017539,,,
2025-10-26T18:56:57.540Z,BTCUSDT,mmap,rings/binance_trade_chunk0,1,4112,113647.76,5e-05,,,,1761505017403,,1761505017540,,,
2025-10-26T18:56:57.540Z,BTCUSDT,ws,bookTicker,0,,,,113647.77000000,113647.78000000,113647.775,,1761504976982,1761505017540,,,
2025-10-26T18:56:57.540Z,BTCUSDT,mmap,rings/binance_trade_chunk0,1,4113,113647.76,5e-05,,,,1761505017403,,1761505017540,,,
2025-10-26T18:56:57.540Z,BTCUSDT,ws,bookTicker,0,,,,113647.77000000,113647.78000000,113647.775,,1761504976983,1761505017540,,,
2025-10-26T18:56:57.540Z,BTCUSDT,mmap,rings/binance_trade_chunk0,1,4114,113647.76,5e-05,,,,1761505017403,,1761505017540,,,
2025-10-26T18:56:57.540Z,BTCUSDT,ws,bookTicker,0,,,,113647.77000000,113647.78000000,113647.775,,1761504976984,1761505017540,,,
2025-10-26T18:56:57.541Z,BTCUSDT,mmap,rings/binance_trade_chunk0,1,4115,113647.42,0.00379,,,,1761505017403,,1761505017541,,,
2025-10-26T18:56:57.541Z,BTCUSDT,ws,bookTicker,0,,,,113647.77000000,113647.78000000,113647.775,,1761504976984,1761505017541,,,
2025-10-26T18:56:57.541Z,BTCUSDT,mmap,rings/binance_trade_chunk0,1,4116,113647.42,5e-05,,,,1761505017403,,1761505017541,,,
2025-10-26T18:56:57.541Z,BTCUSDT,ws,bookTicker,0,,,,113647.77000000,113647.78000000,113647.775,,1761504977043,1761505017541,,,
2025-10-26T18:56:57.541Z,BTCUSDT,mmap,rings/binance_trade_chunk0,1,4117,113647.42,5e-05,,,,1761505017403,,1761505017541,,,
2025-10-26T18:56:57.541Z,BTCUSDT,ws,bookTicker,0,,,,113647.77000000,113647.78000000,113647.775,,1761504977053,1761505017541,,,
2025-10-26T18:56:57.541Z,BTCUSDT,mmap,rings/binance_trade_chunk0,1,4118,113647.42,5e-05,,,,1761505017403,,1761505017541,,,
2025-10-26T18:56:57.541Z,BTCUSDT,ws,bookTicker,0,,,,113647.77000000,113647.78000000,113647.775,,1761504977068,1761505017541,,,
2025-10-26T18:56:57.541Z,BTCUSDT,mmap,rings/binance_trade_chunk0,1,4119,113647.42,5e-05,,,,1761505017403,,1761505017541,,,
2025-10-26T18:56:57.541Z,BTCUSDT,ws,bookTicker,0,,,,113647.77000000,113647.78000000,113647.775,,1761504977069,1761505017541,,,
2025-10-26T18:56:57.542Z,BTCUSDT,mmap,rings/binance_trade_chunk0,1,4120,113647.42,5e-05,,,,1761505017403,,1761505017542,,,
2025-10-26T18:56:57.542Z,BTCUSDT,ws,bookTicker,0,,,,113647.77000000,113647.78000000,113647.775,,1761504977069,1761505017542,,,
2025-10-26T18:56:57.542Z,BTCUSDT,mmap,rings/binance_trade_chunk0,1,4121,113647.42,5e-05,,,,1761505017403,,1761505017542,,,
2025-10-26T18:56:57.542Z,BTCUSDT,ws,bookTicker,0,,,,113647.77000000,113647.78000000,113647.775,,1761504977070,1761505017542,,,
2025-10-26T18:56:57.542Z,BTCUSDT,mmap,rings/binance_trade_chunk0,1,4122,113647.42,5e-05,,,,1761505017403,,1761505017542,,,
2025-10-26T18:56:57.542Z,BTCUSDT,ws,bookTicker,0,,,,113647.77000000,113647.78000000,113647.775,,1761504977072,1761505017542,,,
2025-10-26T18:56:57.619Z,BTCUSDT,mmap,rings/binance_trade_chunk0,1,4154,113646.64,5e-05,,,,1761505017403,,1761505017618,,,
2025-10-26T18:56:57.619Z,BTCUSDT,ws,bookTicker,0,,,,113647.77000000,113647.78000000,113647.775,,1761504977097,1761505017619,,,
2025-10-26T18:56:57.620Z,BTCUSDT,mmap,rings/binance_trade_chunk0,1,4155,113646.64,0.00097,,,,1761505017403,,1761505017620,,,
2025-10-26T18:56:57.620Z,BTCUSDT,ws,bookTicker,0,,,,113647.77000000,113647.78000000,113647.775,,1761504977098,1761505017620,,,
2025-10-26T18:56:57.620Z,BTCUSDT,mmap,rings/binance_trade_chunk0,1,4156,113646.64,5e-05,,,,1761505017403,,1761505017620,,,
2025-10-26T18:56:57.620Z,BTCUSDT,ws,bookTicker,0,,,,113647.77000000,113647.78000000,113647.775,,1761504977115,1761505017620,,,
2025-10-26T18:56:57.621Z,BTCUSDT,mmap,rings/binance_trade_chunk0,1,4157,113646.64,5e-05,,,,1761505017403,,1761505017621,,,
2025-10-26T18:56:57.621Z,BTCUSDT,ws,bookTicker,0,,,,113647.77000000,113647.78000000,113647.775,,1761504977120,1761505017621,,,
2025-10-26T18:56:57.621Z,BTCUSDT,mmap,rings/binance_trade_chunk0,1,4158,113646.64,5e-05,,,,1761505017403,,1761505017621,,,
2025-10-26T18:56:57.621Z,BTCUSDT,ws,bookTicker,0,,,,113647.77000000,113647.78000000,113647.775,,1761504977134,1761505017621,,,
2025-10-26T18:56:57.621Z,BTCUSDT,mmap,rings/binance_trade_chunk0,1,4159,113646.64,5e-05,,,,1761505017403,,1761505017621,,,
2025-10-26T18:56:57.621Z,BTCUSDT,ws,bookTicker,0,,,,113647.77000000,113647.78000000,113647.775,,1761504977134,1761505017621,,,
2025-10-26T18:56:57.622Z,BTCUSDT,mmap,rings/binance_trade_chunk0,1,4160,113646.64,5e-05,,,,1761505017403,,1761505017622,,,
2025-10-26T18:56:57.622Z,BTCUSDT,ws,bookTicker,0,,,,113647.77000000,113647.78000000,113647.775,,1761504977140,1761505017622,,,
2025-10-26T18:56:57.622Z,BTCUSDT,mmap,rings/binance_trade_chunk0,1,4161,113646.64,5e-05,,,,1761505017403,,1761505017622,,,
2025-10-26T18:56:57.622Z,BTCUSDT,ws,bookTicker,0,,,,113647.77000000,113647.78000000,113647.775,,1761504977156,1761505017622,,,
2025-10-26T18:56:57.623Z,BTCUSDT,mmap,rings/binance_trade_chunk0,1,4162,113646.64,5e-05,,,,1761505017403,,1761505017623,,,
2025-10-26T18:56:57.623Z,BTCUSDT,ws,bookTicker,0,,,,113647.77000000,113647.78000000,113647.775,,1761504977171,1761505017623,,,
2025-10-26T18:56:57.623Z,BTCUSDT,mmap,rings/binance_trade_chunk0,1,4163,113646.64,5e-05,,,,1761505017403,,1761505017623,,,
2025-10-26T18:56:57.623Z,BTCUSDT,ws,bookTicker,0,,,,113647.77000000,113647.78000000,113647.775,,1761504977200,1761505017623,,,
2025-10-26T18:56:57.624Z,BTCUSDT,mmap,rings/binance_trade_chunk0,1,4164,113646.64,5e-05,,,,1761505017403,,1761505017624,,,
2025-10-26T18:56:57.624Z,BTCUSDT,ws,bookTicker,0,,,,113647.77000000,113647.78000000,113647.775,,1761504977201,1761505017624,,,
2025-10-26T18:56:57.625Z,BTCUSDT,mmap,rings/binance_trade_chunk0,1,4165,113646.64,5e-05,,,,1761505017403,,1761505017625,,,
2025-10-26T18:56:57.625Z,BTCUSDT,ws,bookTicker,0,,,,113647.77000000,113647.78000000,113647.775,,1761504977201,1761505017625,,,
2025-10-26T18:56:57.625Z,BTCUSDT,mmap,rings/binance_trade_chunk0,1,4166,113646.64,5e-05,,,,1761505017403,,1761505017625,,,
2025-10-26T18:56:57.625Z,BTCUSDT,ws,trade,1,5390928262,113647.78,5e-05,,,,,1761504977101,1761505017625,,,
2025-10-26T18:56:57.626Z,BTCUSDT,mmap,rings/binance_trade_chunk0,1,4167,113646.64,5e-05,,,,1761505017403,,1761505017626,,,
2025-10-26T18:56:57.626Z,BTCUSDT,ws,bookTicker,0,,,,113647.77000000,113647.78000000,113647.775,,1761504977243,1761505017626,,,
2025-10-26T18:56:57.631Z,BTCUSDT,mmap,rings/binance_trade_chunk0,1,4168,113646.64,5e-05,,,,1761505017403,,1761505017631,,,
2025-10-26T18:56:57.631Z,BTCUSDT,ws,bookTicker,0,,,,113647.77000000,113647.78000000,113647.775,,1761504977243,1761505017631,,,
2025-10-26T18:56:57.644Z,BTCUSDT,mmap,rings/binance_trade_chunk0,1,4169,113646.64,5e-05,,,,1761505017403,,1761505017644,,,
2025-10-26T18:56:57.644Z,BTCUSDT,ws,bookTicker,0,,,,113647.77000000,113647.78000000,113647.775,,1761504977243,1761505017644,,,
2025-10-26T18:56:57.645Z,BTCUSDT,mmap,rings/binance_trade_chunk0,1,4170,113646.64,5e-05,,,,1761505017403,,1761505017645,,,
2025-10-26T18:56:57.645Z,BTCUSDT,ws,bookTicker,0,,,,113647.77000000,113647.78000000,113647.775,,1761504977244,1761505017645,,,
2025-10-26T18:56:57.646Z,BTCUSDT,mmap,rings/binance_trade_chunk0,1,4171,113646.64,5e-05,,,,1761505017403,,1761505017646,,,
2025-10-26T18:56:57.646Z,BTCUSDT,ws,bookTicker,0,,,,113647.77000000,113647.78000000,113647.775,,1761504977244,1761505017646,,,
2025-10-26T18:56:57.646Z,BTCUSDT,mmap,rings/binance_trade_chunk0,1,4172,113646.64,5e-05,,,,1761505017403,,1761505017646,,,
2025-10-26T18:56:57.646Z,BTCUSDT,ws,bookTicker,0,,,,113647.77000000,113647.78000000,113647.775,,1761504977244,1761505017646,,,
2025-10-26T18:56:57.647Z,BTCUSDT,mmap,rings/binance_trade_chunk0,1,4173,113646.64,5e-05,,,,1761505017403,,1761505017647,,,
2025-10-26T18:56:57.647Z,BTCUSDT,ws,bookTicker,0,,,,113647.77000000,113647.78000000,113647.775,,1761504977244,1761505017647,,,
2025-10-26T18:56:57.647Z,BTCUSDT,mmap,rings/binance_trade_chunk0,1,4174,113646.64,5e-05,,,,1761505017403,,1761505017647,,,
2025-10-26T18:56:57.647Z,BTCUSDT,ws,bookTicker,0,,,,113647.77000000,113647.78000000,113647.775,,1761504977245,1761505017647,,,
2025-10-26T18:56:57.648Z,BTCUSDT,mmap,rings/binance_trade_chunk0,1,4175,113646.64,5e-05,,,,1761505017403,,1761505017648,,,
2025-10-26T18:56:57.648Z,BTCUSDT,ws,bookTicker,0,,,,113647.77000000,113647.78000000,113647.775,,1761504977245,1761505017648,,,
2025-10-26T18:56:57.648Z,BTCUSDT,mmap,rings/binance_trade_chunk0,1,4176,113646.64,5e-05,,,,1761505017403,,1761505017648,,,
2025-10-26T18:56:57.648Z,BTCUSDT,ws,bookTicker,0,,,,113647.77000000,113647.78000000,113647.775,,1761504977246,1761505017648,,,
2025-10-26T18:56:57.649Z,BTCUSDT,mmap,rings/binance_trade_chunk0,1,4177,113646.64,5e-05,,,,1761505017403,,1761505017649,,,
2025-10-26T18:56:57.649Z,BTCUSDT,ws,bookTicker,0,,,,113647.77000000,113647.78000000,113647.775,,1761504977246,1761505017649,,,
2025-10-26T18:56:57.649Z,BTCUSDT,mmap,rings/binance_trade_chunk0,1,4178,113646.64,5e-05,,,,1761505017403,,1761505017649,,,
2025-10-26T18:56:57.649Z,BTCUSDT,ws,bookTicker,0,,,,113647.77000000,113647.78000000,113647.775,,1761504977246,1761505017649,,,
2025-10-26T18:56:57.661Z,BTCUSDT,mmap,rings/binance_trade_chunk0,1,4179,113646.64,5e-05,,,,1761505017403,,1761505017661,,,
2025-10-26T18:56:57.661Z,BTCUSDT,ws,bookTicker,0,,,,113647.77000000,113647.78000000,113647.775,,1761504977246,1761505017661,,,
2025-10-26T18:56:57.662Z,BTCUSDT,mmap,rings/binance_trade_chunk0,1,4180,113646.64,5e-05,,,,1761505017403,,1761505017662,,,
2025-10-26T18:56:57.662Z,BTCUSDT,ws,bookTicker,0,,,,113647.77000000,113647.78000000,113647.775,,1761504977247,1761505017662,,,
2025-10-26T18:56:57.662Z,BTCUSDT,mmap,rings/binance_trade_chunk0,1,4181,113646.64,5e-05,,,,1761505017403,,1761505017662,,,
2025-10-26T18:56:57.662Z,BTCUSDT,ws,bookTicker,0,,,,113647.77000000,113647.78000000,113647.775,,1761504977247,1761505017662,,,
2025-10-26T18:56:57.663Z,BTCUSDT,mmap,rings/binance_trade_chunk0,1,4182,113646.64,0.00044,,,,1761505017403,,1761505017663,,,
2025-10-26T18:56:57.663Z,BTCUSDT,ws,trade,1,5390928263,113647.78,0.00393,,,,,1761504977119,1761505017663,,,
2025-10-26T18:56:57.664Z,BTCUSDT,mmap,rings/binance_book_chunk0,0,16478,113646.285,,113646.18,113646.39,113646.285,1761505017578,,1761505017664,,,
2025-10-26T18:56:57.665Z,BTCUSDT,ws,bookTicker,0,,,,113647.77000000,113647.78000000,113647.775,,1761504977268,1761505017665,,,
2025-10-26T18:56:57.665Z,BTCUSDT,mmap,rings/binance_book_chunk0,0,16479,113646.185,,113646.18,113646.19,113646.185,1761505017578,,1761505017665,,,
2025-10-26T18:56:57.665Z,BTCUSDT,ws,bookTicker,0,,,,113647.77000000,113647.78000000,113647.775,,1761504977304,1761505017665,,,
2025-10-26T18:56:57.665Z,BTCUSDT,mmap,rings/binance_book_chunk0,0,16480,113645.58,,113645.5,113645.66,113645.58,1761505017578,,1761505017665,,,
2025-10-26T18:56:57.665Z,BTCUSDT,ws,trade,1,5390928264,113647.78,0.00027,,,,,1761504977156,1761505017665,,,
2025-10-26T18:56:57.665Z,BTCUSDT,mmap,rings/binance_book_chunk0,0,16483,113645.045,,113644.43,113645.66,113645.045,1761505017578,,1761505017665,,,
2025-10-26T18:56:57.665Z,BTCUSDT,ws,trade,1,5390928265,113647.78,0.00297,,,,,1761504977200,1761505017665,,,
2025-10-26T18:56:57.665Z,BTCUSDT,mmap,rings/binance_book_chunk0,0,16484,113644.82,,113644.43,113645.21,113644.82,1761505017578,,1761505017665,,,
2025-10-26T18:56:57.665Z,BTCUSDT,ws,bookTicker,0,,,,113647.77000000,113647.78000000,113647.775,,1761504977348,1761505017665,,,
2025-10-26T18:56:57.666Z,BTCUSDT,mmap,rings/binance_book_chunk0,0,16485,113644.70499999999,,113644.43,113644.98,113644.70499999999,1761505017578,,1761505017666,,,
2025-10-26T18:56:57.666Z,BTCUSDT,ws,bookTicker,0,,,,113647.77000000,113647.78000000,113647.775,,1761504977434,1761505017666,,,
2025-10-26T18:56:57.671Z,BTCUSDT,mmap,rings/binance_book_chunk0,0,16486,113644.685,,113644.43,113644.94,113644.685,1761505017578,,1761505017671,,,
2025-10-26T18:56:57.671Z,BTCUSDT,ws,bookTicker,0,,,,113647.77000000,113647.78000000,113647.775,,1761504977445,1761505017671,,,
2025-10-26T18:56:57.673Z,BTCUSDT,mmap,rings/binance_trade_chunk0,1,4203,113646.64,0.0005,,,,1761505017403,,1761505017673,,,
2025-10-26T18:56:57.673Z,BTCUSDT,ws,bookTicker,0,,,,113647.77000000,113647.78000000,113647.775,,1761504977453,1761505017673,,,
2025-10-26T18:56:57.673Z,BTCUSDT,mmap,rings/binance_trade_chunk0,1,4204,113646.64,5e-05,,,,1761505017403,,1761505017673,,,
2025-10-26T18:56:57.673Z,BTCUSDT,ws,bookTicker,0,,,,113647.77000000,113647.78000000,113647.775,,1761504977454,1761505017673,,,
2025-10-26T18:56:57.673Z,BTCUSDT,mmap,rings/binance_trade_chunk0,1,4205,113646.64,5e-05,,,,1761505017403,,1761505017673,,,
2025-10-26T18:56:57.673Z,BTCUSDT,ws,bookTicker,0,,,,113647.77000000,113647.78000000,113647.775,,1761504977455,1761505017673,,,
2025-10-26T18:56:57.674Z,BTCUSDT,mmap,rings/binance_trade_chunk0,1,4206,113646.64,5e-05,,,,1761505017403,,1761505017674,,,
2025-10-26T18:56:57.674Z,BTCUSDT,ws,bookTicker,0,,,,113647.77000000,113647.78000000,113647.775,,1761504977533,1761505017674,,,
2025-10-26T18:56:57.674Z,BTCUSDT,mmap,rings/binance_trade_chunk0,1,4207,113646.64,5e-05,,,,1761505017403,,1761505017674,,,
2025-10-26T18:56:57.674Z,BTCUSDT,ws,bookTicker,0,,,,113647.77000000,113647.78000000,113647.775,,1761504977553,1761505017674,,,
2025-10-26T18:56:57.675Z,BTCUSDT,mmap,rings/binance_trade_chunk0,1,4208,113646.64,5e-05,,,,1761505017403,,1761505017675,,,
2025-10-26T18:56:57.675Z,BTCUSDT,ws,bookTicker,0,,,,113647.77000000,113647.78000000,113647.775,,1761504977665,1761505017675,,,
2025-10-26T18:56:57.685Z,BTCUSDT,mmap,rings/binance_trade_chunk0,1,4209,113646.64,5e-05,,,,1761505017403,,1761505017685,,,
2025-10-26T18:56:57.685Z,BTCUSDT,ws,bookTicker,0,,,,113647.77000000,113647.78000000,113647.775,,1761504977665,1761505017685,,,
2025-10-26T18:56:57.686Z,BTCUSDT,mmap,rings/binance_trade_chunk0,1,4210,113646.64,5e-05,,,,1761505017403,,1761505017686,,,
2025-10-26T18:56:57.686Z,BTCUSDT,ws,bookTicker,0,,,,113647.77000000,113647.78000000,113647.775,,1761504977665,1761505017686,,,
2025-10-26T18:56:57.687Z,BTCUSDT,mmap,rings/binance_trade_chunk0,1,4211,113646.64,5e-05,,,,1761505017403,,1761505017687,,,
2025-10-26T18:56:57.687Z,BTCUSDT,ws,bookTicker,0,,,,113647.77000000,113647.78000000,113647.775,,1761504977665,1761505017687,,,
2025-10-26T18:56:57.687Z,BTCUSDT,mmap,rings/binance_book_chunk0,0,16497,113644.37,,113643.8,113644.94,113644.37,1761505017578,,1761505017687,,,
2025-10-26T18:56:57.687Z,BTCUSDT,ws,bookTicker,0,,,,113647.77000000,113647.78000000,113647.775,,1761504977666,1761505017687,,,
2025-10-26T18:56:57.687Z,BTCUSDT,mmap,rings/binance_trade_chunk0,1,4212,113646.64,5e-05,,,,1761505017403,,1761505017687,,,
2025-10-26T18:56:57.687Z,BTCUSDT,ws,bookTicker,0,,,,113647.77000000,113647.78000000,113647.775,,1761504977666,1761505017687,,,
2025-10-26T18:56:57.688Z,BTCUSDT,mmap,rings/binance_trade_chunk0,1,4213,113646.64,5e-05,,,,1761505017403,,1761505017688,,,
2025-10-26T18:56:57.688Z,BTCUSDT,ws,bookTicker,0,,,,113647.77000000,113647.78000000,113647.775,,1761504977666,1761505017688,,,
2025-10-26T18:56:57.689Z,BTCUSDT,mmap,rings/binance_trade_chunk0,1,4214,113646.64,5e-05,,,,1761505017403,,1761505017689,,,
2025-10-26T18:56:57.689Z,BTCUSDT,ws,bookTicker,0,,,,113647.77000000,113647.78000000,113647.775,,1761504977666,1761505017689,,,
2025-10-26T18:56:57.689Z,BTCUSDT,mmap,rings/binance_trade_chunk0,1,4215,113646.64,5e-05,,,,1761505017403,,1761505017689,,,
2025-10-26T18:56:57.689Z,BTCUSDT,ws,bookTicker,0,,,,113647.77000000,113647.78000000,113647.775,,1761504977666,1761505017689,,,
2025-10-26T18:56:57.694Z,BTCUSDT,mmap,rings/binance_book_chunk0,0,16501,113643.905,,113643.8,113644.01,113643.905,1761505017591,,1761505017694,,,
2025-10-26T18:56:57.694Z,BTCUSDT,ws,bookTicker,0,,,,113647.77000000,113647.78000000,113647.775,,1761504978055,1761505017694,,,
2025-10-26T18:56:57.695Z,BTCUSDT,mmap,rings/binance_trade_chunk0,1,4216,113646.64,5e-05,,,,1761505017403,,1761505017695,,,
2025-10-26T18:56:57.695Z,BTCUSDT,ws,trade,1,5390928266,113647.77,0.00041,,,,,1761504977922,1761505017695,,,
2025-10-26T18:56:57.696Z,BTCUSDT,mmap,rings/binance_book_chunk0,0,16502,113643.805,,113643.8,113643.81,113643.805,1761505017591,,1761505017696,,,
2025-10-26T18:56:57.696Z,BTCUSDT,ws,bookTicker,0,,,,113647.77000000,113647.78000000,113647.775,,1761504978082,1761505017696,,,
2025-10-26T18:56:57.696Z,BTCUSDT,mmap,rings/binance_trade_chunk0,1,4217,113646.64,5e-05,,,,1761505017403,,1761505017696,,,
2025-10-26T18:56:57.696Z,BTCUSDT,ws,bookTicker,0,,,,113647.77000000,113647.78000000,113647.775,,1761504978182,1761505017696,,,
2025-10-26T18:56:57.696Z,BTCUSDT,mmap,rings/binance_trade_chunk0,1,4218,113646.64,5e-05,,,,1761505017403,,1761505017696,,,
2025-10-26T18:56:57.696Z,BTCUSDT,ws,bookTicker,0,,,,113647.77000000,113647.78000000,113647.775,,1761504978183,1761505017696,,,
2025-10-26T18:56:57.697Z,BTCUSDT,mmap,rings/binance_trade_chunk0,1,4219,113646.63,5e-05,,,,1761505017403,,1761505017697,,,
2025-10-26T18:56:57.697Z,BTCUSDT,ws,bookTicker,0,,,,113647.77000000,113647.78000000,113647.775,,1761504978183,1761505017697,,,
2025-10-26T18:56:57.697Z,BTCUSDT,mmap,rings/binance_book_chunk0,0,16505,113643.20999999999,,113642.61,113643.81,113643.20999999999,1761505017591,,1761505017697,,,
2025-10-26T18:56:57.697Z,BTCUSDT,ws,bookTicker,0,,,,113647.77000000,113647.78000000,113647.775,,1761504978251,1761505017697,,,
2025-10-26T18:56:57.698Z,BTCUSDT,mmap,rings/binance_book_chunk0,0,16506,113642.955,,113642.61,113643.3,113642.955,1761505017591,,1761505017698,,,
2025-10-26T18:56:57.698Z,BTCUSDT,ws,bookTicker,0,,,,113647.77000000,113647.78000000,113647.775,,1761504978363,1761505017698,,,
2025-10-26T18:56:57.698Z,BTCUSDT,mmap,rings/binance_trade_chunk0,1,4220,113646.63,5e-05,,,,1761505017403,,1761505017698,,,
2025-10-26T18:56:57.698Z,BTCUSDT,ws,bookTicker,0,,,,113647.77000000,113647.78000000,113647.775,,1761504978363,1761505017698,,,
2025-10-26T18:56:57.698Z,BTCUSDT,mmap,rings/binance_book_chunk0,0,16507,113642.92,,113642.61,113643.23,113642.92,1761505017591,,1761505017698,,,
2025-10-26T18:56:57.698Z,BTCUSDT,ws,bookTicker,0,,,,113647.77000000,113647.78000000,113647.775,,1761504978363,1761505017698,,,
2025-10-26T18:56:57.699Z,BTCUSDT,mmap,rings/binance_trade_chunk0,1,4221,113646.63,5e-05,,,,1761505017403,,1761505017699,,,
2025-10-26T18:56:57.699Z,BTCUSDT,ws,bookTicker,0,,,,113647.77000000,113647.78000000,113647.775,,1761504978492,1761505017699,,,
2025-10-26T18:56:57.699Z,BTCUSDT,mmap,rings/binance_trade_chunk0,1,4222,113646.63,5e-05,,,,1761505017403,,1761505017699,,,
2025-10-26T18:56:57.699Z,BTCUSDT,ws,bookTicker,0,,,,113647.77000000,113647.78000000,113647.775,,1761504978505,1761505017699,,,
2025-10-26T18:56:57.699Z,BTCUSDT,mmap,rings/binance_trade_chunk0,1,4223,113646.63,5e-05,,,,1761505017403,,1761505017699,,,
2025-10-26T18:56:57.699Z,BTCUSDT,ws,bookTicker,0,,,,113647.77000000,113647.78000000,113647.775,,1761504978629,1761505017699,,,
2025-10-26T18:56:57.716Z,BTCUSDT,mmap,rings/binance_trade_chunk0,1,4224,113646.63,5e-05,,,,1761505017403,,1761505017715,,,
2025-10-26T18:56:57.716Z,BTCUSDT,ws,bookTicker,0,,,,113647.77000000,113647.78000000,113647.775,,1761504978629,1761505017716,,,
2025-10-26T18:56:57.716Z,BTCUSDT,mmap,rings/binance_trade_chunk0,1,4225,113646.63,5e-05,,,,1761505017404,,1761505017716,,,
2025-10-26T18:56:57.716Z,BTCUSDT,ws,bookTicker,0,,,,113647.77000000,113647.78000000,113647.775,,1761504978722,1761505017716,,,
2025-10-26T18:56:57.716Z,BTCUSDT,mmap,rings/binance_trade_chunk0,1,4226,113646.63,5e-05,,,,1761505017404,,1761505017716,,,
2025-10-26T18:56:57.716Z,BTCUSDT,ws,bookTicker,0,,,,113647.77000000,113647.78000000,113647.775,,1761504978882,1761505017716,,,
2025-10-26T18:56:57.717Z,BTCUSDT,mmap,rings/binance_trade_chunk0,1,4227,113646.63,5e-05,,,,1761505017404,,1761505017717,,,
2025-10-26T18:56:57.717Z,BTCUSDT,ws,bookTicker,0,,,,113647.77000000,113647.78000000,113647.775,,1761504978919,1761505017717,,,
2025-10-26T18:56:57.717Z,BTCUSDT,mmap,rings/binance_trade_chunk0,1,4228,113646.63,5e-05,,,,1761505017404,,1761505017717,,,
2025-10-26T18:56:57.717Z,BTCUSDT,ws,bookTicker,0,,,,113647.77000000,113647.78000000,113647.775,,1761504978962,1761505017717,,,
2025-10-26T18:56:57.718Z,BTCUSDT,mmap,rings/binance_trade_chunk0,1,4229,113646.63,5e-05,,,,1761505017404,,1761505017718,,,
2025-10-26T18:56:57.718Z,BTCUSDT,ws,trade,1,5390928267,113647.78,0.00018,,,,,1761504978812,1761505017718,,,
2025-10-26T18:56:57.731Z,BTCUSDT,mmap,rings/binance_trade_chunk0,1,4230,113646.63,5e-05,,,,1761505017404,,1761505017731,,,
2025-10-26T18:56:57.731Z,BTCUSDT,ws,bookTicker,0,,,,113647.77000000,113647.78000000,113647.775,,1761504978962,1761505017731,,,
2025-10-26T18:56:57.750Z,BTCUSDT,mmap,rings/binance_book_chunk0,0,16515,113642.39,,113641.55,113643.23,113642.39,1761505017616,,1761505017750,,,
2025-10-26T18:56:57.750Z,BTCUSDT,ws,bookTicker,0,,,,113647.77000000,113647.78000000,113647.775,,1761504978962,1761505017750,,,
2025-10-26T18:56:57.751Z,BTCUSDT,mmap,rings/binance_trade_chunk0,1,4231,113646.63,5e-05,,,,1761505017404,,1761505017751,,,
2025-10-26T18:56:57.751Z,BTCUSDT,ws,bookTicker,0,,,,113647.77000000,113647.78000000,113647.775,,1761504978963,1761505017751,,,
2025-10-26T18:56:57.752Z,BTCUSDT,mmap,rings/binance_book_chunk0,0,16516,113642.08,,113641.55,113642.61,113642.08,1761505017616,,1761505017752,,,
2025-10-26T18:56:57.752Z,BTCUSDT,ws,bookTicker,0,,,,113647.77000000,113647.78000000,113647.775,,1761504978963,1761505017752,,,
2025-10-26T18:56:57.767Z,BTCUSDT,mmap,rings/binance_trade_chunk0,1,4232,113646.63,5e-05,,,,1761505017404,,1761505017767,,,
2025-10-26T18:56:57.767Z,BTCUSDT,ws,bookTicker,0,,,,113647.77000000,113647.78000000,113647.775,,1761504979003,1761505017767,,,
2025-10-26T18:56:57.768Z,BTCUSDT,mmap,rings/binance_book_chunk0,0,16517,113641.555,,113641.55,113641.56,113641.555,1761505017616,,1761505017768,,,
2025-10-26T18:56:57.768Z,BTCUSDT,ws,bookTicker,0,,,,113647.77000000,113647.78000000,113647.775,,1761504979009,1761505017768,,,
2025-10-26T18:56:57.769Z,BTCUSDT,mmap,rings/binance_trade_chunk0,1,4233,113646.63,5e-05,,,,1761505017404,,1761505017769,,,
2025-10-26T18:56:57.769Z,BTCUSDT,ws,bookTicker,0,,,,113647.77000000,113647.78000000,113647.775,,1761504979009,1761505017769,,,
2025-10-26T18:56:57.770Z,BTCUSDT,mmap,rings/binance_trade_chunk0,1,4234,113646.63,5e-05,,,,1761505017404,,1761505017770,,,
2025-10-26T18:56:57.770Z,BTCUSDT,ws,bookTicker,0,,,,113647.77000000,113647.78000000,113647.775,,1761504979010,1761505017770,,,
2025-10-26T18:56:57.770Z,BTCUSDT,mmap,rings/binance_trade_chunk0,1,4235,113646.63,5e-05,,,,1761505017404,,1761505017770,,,
2025-10-26T18:56:57.770Z,BTCUSDT,ws,bookTicker,0,,,,113647.77000000,113647.78000000,113647.775,,1761504979029,1761505017770,,,
2025-10-26T18:56:57.771Z,BTCUSDT,mmap,rings/binance_trade_chunk0,1,4236,113646.63,5e-05,,,,1761505017404,,1761505017771,,,
2025-10-26T18:56:57.771Z,BTCUSDT,ws,bookTicker,0,,,,113647.77000000,113647.78000000,113647.775,,1761504979029,1761505017771,,,
2025-10-26T18:56:57.786Z,BTCUSDT,mmap,rings/binance_trade_chunk0,1,4237,113646.63,5e-05,,,,1761505017404,,1761505017786,,,
2025-10-26T18:56:57.786Z,BTCUSDT,ws,bookTicker,0,,,,113647.77000000,113647.78000000,113647.775,,1761504979029,1761505017786,,,
2025-10-26T18:56:57.799Z,BTCUSDT,mmap,rings/binance_book_chunk0,0,16520,113641.26000000001,,113640.96,113641.56,113641.26000000001,1761505017616,,1761505017799,,,
2025-10-26T18:56:57.799Z,BTCUSDT,ws,bookTicker,0,,,,113647.77000000,113647.78000000,113647.775,,1761504979030,1761505017799,,,
2025-10-26T18:56:57.799Z,BTCUSDT,mmap,rings/binance_trade_chunk0,1,4238,113646.63,5e-05,,,,1761505017404,,1761505017799,,,
2025-10-26T18:56:57.799Z,BTCUSDT,ws,bookTicker,0,,,,113647.77000000,113647.78000000,113647.775,,1761504979031,1761505017799,,,
2025-10-26T18:56:57.800Z,BTCUSDT,mmap,rings/binance_book_chunk0,0,16521,113640.965,,113640.96,113640.97,113640.965,1761505017616,,1761505017800,,,
2025-10-26T18:56:57.800Z,BTCUSDT,ws,bookTicker,0,,,,113647.77000000,113647.78000000,113647.775,,1761504979031,1761505017800,,,
2025-10-26T18:56:57.800Z,BTCUSDT,mmap,rings/binance_trade_chunk0,1,4239,113646.63,5e-05,,,,1761505017404,,1761505017800,,,
2025-10-26T18:56:57.800Z,BTCUSDT,ws,bookTicker,0,,,,113647.77000000,113647.78000000,113647.775,,1761504979031,1761505017800,,,
2025-10-26T18:56:57.800Z,BTCUSDT,mmap,rings/binance_trade_chunk0,1,4240,113646.63,5e-05,,,,1761505017404,,1761505017800,,,
2025-10-26T18:56:57.800Z,BTCUSDT,ws,bookTicker,0,,,,113647.77000000,113647.78000000,113647.775,,1761504979032,1761505017800,,,
2025-10-26T18:56:57.801Z,BTCUSDT,mmap,rings/binance_trade_chunk0,1,4241,113646.43,5e-05,,,,1761505017404,,1761505017801,,,
2025-10-26T18:56:57.801Z,BTCUSDT,ws,bookTicker,0,,,,113647.77000000,113647.78000000,113647.775,,1761504979032,1761505017801,,,
2025-10-26T18:56:57.801Z,BTCUSDT,mmap,rings/binance_trade_chunk0,1,4242,113646.43,5e-05,,,,1761505017404,,1761505017801,,,
2025-10-26T18:56:57.801Z,BTCUSDT,ws,bookTicker,0,,,,113647.77000000,113647.78000000,113647.775,,1761504979034,1761505017801,,,
2025-10-26T18:56:57.801Z,BTCUSDT,mmap,rings/binance_trade_chunk0,1,4243,113646.43,5e-05,,,,1761505017404,,1761505017801,,,
2025-10-26T18:56:57.801Z,BTCUSDT,ws,bookTicker,0,,,,113647.77000000,113647.78000000,113647.775,,1761504979035,1761505017801,,,
2025-10-26T18:56:57.801Z,BTCUSDT,mmap,rings/binance_trade_chunk0,1,4244,113646.18,0.001,,,,1761505017404,,1761505017801,,,
2025-10-26T18:56:57.801Z,BTCUSDT,ws,bookTicker,0,,,,113647.77000000,113647.78000000,113647.775,,1761504979035,1761505017801,,,
2025-10-26T18:56:57.802Z,BTCUSDT,mmap,rings/binance_trade_chunk0,1,4245,113646.18,5e-05,,,,1761505017404,,1761505017802,,,
2025-10-26T18:56:57.802Z,BTCUSDT,ws,bookTicker,0,,,,113647.77000000,113647.78000000,113647.775,,1761504979035,1761505017802,,,
2025-10-26T18:56:57.802Z,BTCUSDT,mmap,rings/binance_trade_chunk0,1,4246,113646.18,5e-05,,,,1761505017404,,1761505017802,,,
2025-10-26T18:56:57.802Z,BTCUSDT,ws,bookTicker,0,,,,113647.77000000,113647.78000000,113647.775,,1761504979035,1761505017802,,,
2025-10-26T18:56:57.803Z,BTCUSDT,mmap,rings/binance_trade_chunk0,1,4247,113646.18,5e-05,,,,1761505017404,,1761505017803,,,
2025-10-26T18:56:57.803Z,BTCUSDT,ws,bookTicker,0,,,,113647.77000000,113647.78000000,113647.775,,1761504979035,1761505017803,,,
2025-10-26T18:56:57.803Z,BTCUSDT,mmap,rings/binance_trade_chunk0,1,4248,113646.18,5e-05,,,,1761505017404,,1761505017803,,,
2025-10-26T18:56:57.803Z,BTCUSDT,ws,bookTicker,0,,,,113647.77000000,113647.78000000,113647.775,,1761504979036,1761505017803,,,
2025-10-26T18:56:57.803Z,BTCUSDT,mmap,rings/binance_trade_chunk0,1,4249,113646.18,5e-05,,,,1761505017404,,1761505017803,,,
2025-10-26T18:56:57.803Z,BTCUSDT,ws,bookTicker,0,,,,113647.77000000,113647.78000000,113647.775,,1761504979036,1761505017803,,,
2025-10-26T18:56:57.804Z,BTCUSDT,mmap,rings/binance_trade_chunk0,1,4250,113646.18,5e-05,,,,1761505017404,,1761505017804,,,
2025-10-26T18:56:57.804Z,BTCUSDT,ws,bookTicker,0,,,,113647.77000000,113647.78000000,113647.775,,1761504979037,1761505017804,,,
2025-10-26T18:56:57.804Z,BTCUSDT,mmap,rings/binance_trade_chunk0,1,4251,113646.18,5e-05,,,,1761505017404,,1761505017804,,,
2025-10-26T18:56:57.804Z,BTCUSDT,ws,bookTicker,0,,,,113647.77000000,113647.78000000,113647.775,,1761504979037,1761505017804,,,
2025-10-26T18:56:57.805Z,BTCUSDT,mmap,rings/binance_trade_chunk0,1,4252,113646.0,0.0012,,,,1761505017404,,1761505017805,,,
2025-10-26T18:56:57.805Z,BTCUSDT,ws,bookTicker,0,,,,113647.77000000,113647.78000000,113647.775,,1761504979037,1761505017805,,,
2025-10-26T18:56:57.805Z,BTCUSDT,mmap,rings/binance_trade_chunk0,1,4253,113646.0,0.0002,,,,1761505017404,,1761505017805,,,
2025-10-26T18:56:57.805Z,BTCUSDT,ws,bookTicker,0,,,,113647.77000000,113647.78000000,113647.775,,1761504979055,1761505017805,,,
2025-10-26T18:56:57.805Z,BTCUSDT,mmap,rings/binance_trade_chunk0,1,4254,113646.0,0.0002,,,,1761505017404,,1761505017805,,,
2025-10-26T18:56:57.805Z,BTCUSDT,ws,bookTicker,0,,,,113647.77000000,113647.78000000,113647.775,,1761504979055,1761505017805,,,
2025-10-26T18:56:57.805Z,BTCUSDT,mmap,rings/binance_trade_chunk0,1,4255,113646.0,5e-05,,,,1761505017404,,1761505017805,,,
2025-10-26T18:56:57.805Z,BTCUSDT,ws,bookTicker,0,,,,113647.77000000,113647.78000000,113647.775,,1761504979055,1761505017805,,,
2025-10-26T18:56:57.806Z,BTCUSDT,mmap,rings/binance_trade_chunk0,1,4256,113646.0,5e-05,,,,1761505017404,,1761505017806,,,
2025-10-26T18:56:57.806Z,BTCUSDT,ws,bookTicker,0,,,,113647.77000000,113647.78000000,113647.775,,1761504979055,1761505017806,,,
2025-10-26T18:56:57.809Z,BTCUSDT,mmap,rings/binance_trade_chunk0,1,4262,113645.5,5e-05,,,,1761505017404,,1761505017809,,,
2025-10-26T18:56:57.809Z,BTCUSDT,ws,bookTicker,0,,,,113647.77000000,113647.78000000,113647.775,,1761504979057,1761505017809,,,
2025-10-26T18:56:57.810Z,BTCUSDT,mmap,rings/binance_trade_chunk0,1,4263,113645.5,5e-05,,,,1761505017404,,1761505017810,,,
2025-10-26T18:56:57.810Z,BTCUSDT,ws,bookTicker,0,,,,113647.77000000,113647.78000000,113647.775,,1761504979058,1761505017810,,,
2025-10-26T18:56:57.810Z,BTCUSDT,mmap,rings/binance_trade_chunk0,1,4264,113645.5,5e-05,,,,1761505017404,,1761505017810,,,
2025-10-26T18:56:57.810Z,BTCUSDT,ws,bookTicker,0,,,,113647.77000000,113647.78000000,113647.775,,1761504979061,1761505017810,,,
2025-10-26T18:56:57.810Z,BTCUSDT,mmap,rings/binance_trade_chunk0,1,4265,113645.4,5e-05,,,,1761505017404,,1761505017810,,,
2025-10-26T18:56:57.810Z,BTCUSDT,ws,bookTicker,0,,,,113647.77000000,113647.78000000,113647.775,,1761504979072,1761505017810,,,
2025-10-26T18:56:57.810Z,BTCUSDT,mmap,rings/binance_trade_chunk0,1,4266,113645.21,5e-05,,,,1761505017404,,1761505017810,,,
2025-10-26T18:56:57.810Z,BTCUSDT,ws,bookTicker,0,,,,113647.77000000,113647.78000000,113647.775,,1761504979072,1761505017810,,,
2025-10-26T18:56:57.811Z,BTCUSDT,mmap,rings/binance_trade_chunk0,1,4267,113645.21,5e-05,,,,1761505017404,,1761505017811,,,
2025-10-26T18:56:57.811Z,BTCUSDT,ws,bookTicker,0,,,,113647.77000000,113647.78000000,113647.775,,1761504979111,1761505017811,,,
2025-10-26T18:56:57.811Z,BTCUSDT,mmap,rings/binance_book_chunk0,0,16547,113640.485,,113640.0,113640.97,113640.485,1761505017678,,1761505017811,,,
2025-10-26T18:56:57.811Z,BTCUSDT,ws,bookTicker,0,,,,113647.77000000,113647.78000000,113647.775,,1761504979111,1761505017811,,,
2025-10-26T18:56:57.811Z,BTCUSDT,mmap,rings/binance_trade_chunk0,1,4268,113645.21,5e-05,,,,1761505017404,,1761505017811,,,
2025-10-26T18:56:57.811Z,BTCUSDT,ws,bookTicker,0,,,,113647.77000000,113647.78000000,113647.775,,1761504979112,1761505017811,,,
2025-10-26T18:56:57.811Z,BTCUSDT,mmap,rings/binance_trade_chunk0,1,4269,113645.2,0.08799,,,,1761505017404,,1761505017811,,,
2025-10-26T18:56:57.811Z,BTCUSDT,ws,bookTicker,0,,,,113647.77000000,113647.78000000,113647.775,,1761504979135,1761505017811,,,
2025-10-26T18:56:57.811Z,BTCUSDT,mmap,rings/binance_trade_chunk0,1,4270,113645.2,5e-05,,,,1761505017404,,1761505017811,,,
2025-10-26T18:56:57.811Z,BTCUSDT,ws,trade,1,5390928268,113647.77,0.0005,,,,,1761504978975,1761505017811,,,
2025-10-26T18:56:57.811Z,BTCUSDT,mmap,rings/binance_book_chunk0,0,16549,113640.005,,113640.0,113640.01,113640.005,1761505017682,,1761505017811,,,
2025-10-26T18:56:57.811Z,BTCUSDT,ws,trade,1,5390928269,113647.78,0.00059,,,,,1761504978988,1761505017811,,,
2025-10-26T18:56:57.811Z,BTCUSDT,mmap,rings/binance_trade_chunk0,1,4271,113645.2,5e-05,,,,1761505017404,,1761505017811,,,
2025-10-26T18:56:57.811Z,BTCUSDT,ws,bookTicker,0,,,,113647.77000000,113647.78000000,113647.775,,1761504979137,1761505017811,,,
2025-10-26T18:56:57.812Z,BTCUSDT,mmap,rings/binance_book_chunk0,0,16550,113639.42499999999,,113638.84,113640.01,113639.42499999999,1761505017682,,1761505017812,,,
2025-10-26T18:56:57.812Z,BTCUSDT,ws,trade,1,5390928270,113647.78,0.00015,,,,,1761504979000,1761505017812,,,
2025-10-26T18:56:57.812Z,BTCUSDT,mmap,rings/binance_trade_chunk0,1,4272,113645.2,5e-05,,,,1761505017404,,1761505017812,,,
2025-10-26T18:56:57.812Z,BTCUSDT,ws,bookTicker,0,,,,113647.77000000,113647.78000000,113647.775,,1761504979164,1761505017812,,,
2025-10-26T18:56:57.812Z,BTCUSDT,mmap,rings/binance_book_chunk0,0,16551,113638.845,,113638.84,113638.85,113638.845,1761505017682,,1761505017812,,,
2025-10-26T18:56:57.812Z,BTCUSDT,ws,bookTicker,0,,,,113647.77000000,113647.78000000,113647.775,,1761504979350,1761505017812,,,
2025-10-26T18:56:57.812Z,BTCUSDT,mmap,rings/binance_trade_chunk0,1,4273,113645.2,5e-05,,,,1761505017404,,1761505017812,,,
2025-10-26T18:56:57.812Z,BTCUSDT,ws,trade,1,5390928271,113647.78,9e-05,,,,,1761504979012,1761505017812,,,
2025-10-26T18:56:57.812Z,BTCUSDT,mmap,rings/binance_trade_chunk0,1,4274,113645.2,5e-05,,,,1761505017404,,1761505017812,,,
2025-10-26T18:56:57.812Z,BTCUSDT,ws,bookTicker,0,,,,113647.77000000,113647.78000000,113647.775,,1761504979353,1761505017812,,,
2025-10-26T18:56:57.813Z,BTCUSDT,mmap,rings/binance_trade_chunk0,1,4275,113645.2,5e-05,,,,1761505017404,,1761505017813,,,
2025-10-26T18:56:57.813Z,BTCUSDT,ws,bookTicker,0,,,,113647.77000000,113647.78000000,113647.775,,1761504979354,1761505017813,,,
2025-10-26T18:56:57.813Z,BTCUSDT,mmap,rings/binance_trade_chunk0,1,4276,113645.17,9e-05,,,,1761505017404,,1761505017813,,,
2025-10-26T18:56:57.813Z,BTCUSDT,ws,bookTicker,0,,,,113647.77000000,113647.78000000,113647.775,,1761504979489,1761505017813,,,
2025-10-26T18:56:57.829Z,BTCUSDT,mmap,rings/binance_trade_chunk0,1,4277,113644.97,0.0015,,,,1761505017404,,1761505017829,,,
2025-10-26T18:56:57.829Z,BTCUSDT,ws,bookTicker,0,,,,113647.77000000,113647.78000000,113647.775,,1761504979489,1761505017829,,,
2025-10-26T18:56:57.829Z,BTCUSDT,mmap,rings/binance_trade_chunk0,1,4278,113644.97,5e-05,,,,1761505017404,,1761505017829,,,
2025-10-26T18:56:57.829Z,BTCUSDT,ws,bookTicker,0,,,,113647.77000000,113647.78000000,113647.775,,1761504979489,1761505017829,,,
2025-10-26T18:56:57.829Z,BTCUSDT,mmap,rings/binance_trade_chunk0,1,4279,113644.97,5e-05,,,,1761505017404,,1761505017829,,,
2025-10-26T18:56:57.829Z,BTCUSDT,ws,bookTicker,0,,,,113647.77000000,113647.78000000,113647.775,,1761504979500,1761505017829,,,
2025-10-26T18:56:57.830Z,BTCUSDT,mmap,rings/binance_trade_chunk0,1,4280,113644.97,5e-05,,,,1761505017404,,1761505017830,,,
2025-10-26T18:56:57.830Z,BTCUSDT,ws,bookTicker,0,,,,113647.77000000,113647.78000000,113647.775,,1761504979605,1761505017830,,,
2025-10-26T18:56:57.830Z,BTCUSDT,mmap,rings/binance_trade_chunk0,1,4281,113644.93,0.00194,,,,1761505017404,,1761505017830,,,
2025-10-26T18:56:57.830Z,BTCUSDT,ws,bookTicker,0,,,,113647.77000000,113647.78000000,113647.775,,1761504979605,1761505017830,,,
2025-10-26T18:56:57.830Z,BTCUSDT,mmap,rings/binance_trade_chunk0,1,4305,113644.43,5e-05,,,,1761505017404,,1761505017830,,,
2025-10-26T18:56:57.830Z,BTCUSDT,ws,bookTicker,0,,,,113647.77000000,113647.78000000,113647.775,,1761504979606,1761505017830,,,
2025-10-26T18:56:57.834Z,BTCUSDT,mmap,rings/binance_trade_chunk0,1,4306,113644.43,5e-05,,,,1761505017404,,1761505017834,,,
2025-10-26T18:56:57.834Z,BTCUSDT,ws,bookTicker,0,,,,113647.77000000,113647.78000000,113647.775,,1761504979606,1761505017834,,,
2025-10-26T18:56:57.835Z,BTCUSDT,mmap,rings/binance_trade_chunk0,1,4307,113644.43,5e-05,,,,1761505017404,,1761505017835,,,
2025-10-26T18:56:57.836Z,BTCUSDT,ws,bookTicker,0,,,,113647.77000000,113647.78000000,113647.775,,1761504979606,1761505017836,,,
2025-10-26T18:56:57.836Z,BTCUSDT,mmap,rings/binance_trade_chunk0,1,4308,113644.14,0.00035,,,,1761505017404,,1761505017836,,,
2025-10-26T18:56:57.837Z,BTCUSDT,ws,bookTicker,0,,,,113647.77000000,113647.78000000,113647.775,,1761504979606,1761505017837,,,
2025-10-26T18:56:57.837Z,BTCUSDT,mmap,rings/binance_trade_chunk0,1,4309,113644.0,0.0012,,,,1761505017404,,1761505017837,,,
2025-10-26T18:56:57.838Z,BTCUSDT,ws,bookTicker,0,,,,113647.77000000,113647.78000000,113647.775,,1761504979654,1761505017838,,,
2025-10-26T18:56:57.845Z,BTCUSDT,mmap,rings/binance_book_chunk0,0,16580,113638.495,,113638.14,113638.85,113638.495,1761505017693,,1761505017845,,,
2025-10-26T18:56:57.845Z,BTCUSDT,ws,bookTicker,0,,,,113647.77000000,113647.78000000,113647.775,,1761504979919,1761505017845,,,
2025-10-26T18:56:57.860Z,BTCUSDT,mmap,rings/binance_book_chunk0,0,16581,113638.425,,113638.14,113638.71,113638.425,1761505017693,,1761505017860,,,
2025-10-26T18:56:57.860Z,BTCUSDT,ws,bookTicker,0,,,,113647.77000000,113647.78000000,113647.775,,1761504979919,1761505017860,,,
2025-10-26T18:56:57.860Z,BTCUSDT,mmap,rings/binance_trade_chunk0,1,4310,113644.0,0.0002,,,,1761505017404,,1761505017860,,,
2025-10-26T18:56:57.860Z,BTCUSDT,ws,bookTicker,0,,,,113647.77000000,113647.78000000,113647.775,,1761504979919,1761505017860,,,
2025-10-26T18:56:57.860Z,BTCUSDT,mmap,rings/binance_trade_chunk0,1,4311,113644.0,0.0002,,,,1761505017404,,1761505017860,,,
2025-10-26T18:56:57.861Z,BTCUSDT,ws,bookTicker,0,,,,113647.77000000,113647.78000000,113647.775,,1761504980004,1761505017861,,,
2025-10-26T18:56:57.861Z,BTCUSDT,mmap,rings/binance_trade_chunk0,1,4312,113644.0,5e-05,,,,1761505017404,,1761505017861,,,
2025-10-26T18:56:57.861Z,BTCUSDT,ws,bookTicker,0,,,,113647.77000000,113647.78000000,113647.775,,1761504980004,1761505017861,,,
2025-10-26T18:56:57.861Z,BTCUSDT,mmap,rings/binance_trade_chunk0,1,4313,113644.0,5e-05,,,,1761505017404,,1761505017861,,,
2025-10-26T18:56:57.861Z,BTCUSDT,ws,bookTicker,0,,,,113647.77000000,113647.78000000,113647.775,,1761504980004,1761505017861,,,
2025-10-26T18:56:57.861Z,BTCUSDT,mmap,rings/binance_trade_chunk0,1,4314,113644.0,5e-05,,,,1761505017404,,1761505017861,,,
2025-10-26T18:56:57.861Z,BTCUSDT,ws,bookTicker,0,,,,113647.77000000,113647.78000000,113647.775,,1761504980004,1761505017861,,,
2025-10-26T18:56:57.861Z,BTCUSDT,mmap,rings/binance_trade_chunk0,1,4315,113643.81,5e-05,,,,1761505017404,,1761505017861,,,
2025-10-26T18:56:57.861Z,BTCUSDT,ws,bookTicker,0,,,,113647.77000000,113647.78000000,113647.775,,1761504980004,1761505017861,,,
2025-10-26T18:56:57.862Z,BTCUSDT,mmap,rings/binance_trade_chunk0,1,4316,113643.81,5e-05,,,,1761505017404,,1761505017862,,,
2025-10-26T18:56:57.862Z,BTCUSDT,ws,bookTicker,0,,,,113647.77000000,113647.78000000,113647.775,,1761504980004,1761505017862,,,
2025-10-26T18:56:57.862Z,BTCUSDT,mmap,rings/binance_trade_chunk0,1,4317,113643.81,5e-05,,,,1761505017404,,1761505017862,,,
2025-10-26T18:56:57.862Z,BTCUSDT,ws,bookTicker,0,,,,113647.77000000,113647.78000000,113647.775,,1761504980005,1761505017862,,,
2025-10-26T18:56:57.862Z,BTCUSDT,mmap,rings/binance_trade_chunk0,1,4318,113643.81,5e-05,,,,1761505017404,,1761505017862,,,
2025-10-26T18:56:57.862Z,BTCUSDT,ws,bookTicker,0,,,,113647.77000000,113647.78000000,113647.775,,1761504980082,1761505017862,,,
2025-10-26T18:56:57.862Z,BTCUSDT,mmap,rings/binance_trade_chunk0,1,4319,113643.8,0.01298,,,,1761505017404,,1761505017862,,,
2025-10-26T18:56:57.862Z,BTCUSDT,ws,bookTicker,0,,,,113647.77000000,113647.78000000,113647.775,,1761504980086,1761505017862,,,
2025-10-26T18:56:57.863Z,BTCUSDT,mmap,rings/binance_book_chunk0,0,16585,113638.705,,113638.7,113638.71,113638.705,1761505017693,,1761505017863,,,
2025-10-26T18:56:57.863Z,BTCUSDT,ws,trade,1,5390928272,113647.78,0.0088,,,,,1761504980105,1761505017863,,,
2025-10-26T18:56:57.863Z,BTCUSDT,mmap,rings/binance_trade_chunk0,1,4321,113643.8,0.00461,,,,1761505017404,,1761505017863,,,
2025-10-26T18:56:57.863Z,BTCUSDT,ws,bookTicker,0,,,,113647.77000000,113647.78000000,113647.775,,1761504980252,1761505017863,,,
2025-10-26T18:56:57.863Z,BTCUSDT,mmap,rings/binance_trade_chunk0,1,4322,113643.8,5e-05,,,,1761505017404,,1761505017863,,,
2025-10-26T18:56:57.863Z,BTCUSDT,ws,bookTicker,0,,,,113647.77000000,113647.78000000,113647.775,,1761504980253,1761505017863,,,
2025-10-26T18:56:57.863Z,BTCUSDT,mmap,rings/binance_trade_chunk0,1,4323,113643.8,5e-05,,,,1761505017404,,1761505017863,,,
2025-10-26T18:56:57.863Z,BTCUSDT,ws,bookTicker,0,,,,113647.77000000,113647.78000000,113647.775,,1761504980253,1761505017863,,,
2025-10-26T18:56:57.864Z,BTCUSDT,mmap,rings/binance_trade_chunk0,1,4324,113643.58,5e-05,,,,1761505017404,,1761505017864,,,
2025-10-26T18:56:57.864Z,BTCUSDT,ws,bookTicker,0,,,,113647.77000000,113647.78000000,113647.775,,1761504980253,1761505017864,,,
2025-10-26T18:56:57.864Z,BTCUSDT,mmap,rings/binance_trade_chunk0,1,4325,113643.58,5e-05,,,,1761505017404,,1761505017864,,,
2025-10-26T18:56:57.864Z,BTCUSDT,ws,bookTicker,0,,,,113647.77000000,113647.78000000,113647.775,,1761504980253,1761505017864,,,
2025-10-26T18:56:57.864Z,BTCUSDT,mmap,rings/binance_book_chunk0,0,16591,113637.195,,113635.68,113638.71,113637.195,1761505017814,,1761505017864,,,
2025-10-26T18:56:57.864Z,BTCUSDT,ws,bookTicker,0,,,,113647.77000000,113647.78000000,113647.775,,1761504980253,1761505017864,,,
2025-10-26T18:56:57.864Z,BTCUSDT,mmap,rings/binance_trade_chunk0,1,4326,113643.58,5e-05,,,,1761505017404,,1761505017864,,,
2025-10-26T18:56:57.864Z,BTCUSDT,ws,bookTicker,0,,,,113647.77000000,113647.78000000,113647.775,,1761504980358,1761505017864,,,
2025-10-26T18:56:57.864Z,BTCUSDT,mmap,rings/binance_book_chunk0,0,16592,113636.9,,113635.68,113638.12,113636.9,1761505017814,,1761505017864,,,
2025-10-26T18:56:57.864Z,BTCUSDT,ws,bookTicker,0,,,,113647.77000000,113647.78000000,113647.775,,1761504980359,1761505017864,,,
2025-10-26T18:56:57.866Z,BTCUSDT,mmap,rings/binance_trade_chunk0,1,4327,113643.3,0.00014,,,,1761505017404,,1761505017866,,,
2025-10-26T18:56:57.866Z,BTCUSDT,ws,bookTicker,0,,,,113647.77000000,113647.78000000,113647.775,,1761504980359,1761505017866,,,
2025-10-26T18:56:57.866Z,BTCUSDT,mmap,rings/binance_book_chunk0,0,16593,113636.85999999999,,113635.68,113638.04,113636.85999999999,1761505017814,,1761505017866,,,
2025-10-26T18:56:57.866Z,BTCUSDT,ws,bookTicker,0,,,,113647.77000000,113647.78000000,113647.775,,1761504980359,1761505017866,,,
2025-10-26T18:56:57.866Z,BTCUSDT,mmap,rings/binance_trade_chunk0,1,4328,113643.29,0.00219,,,,1761505017404,,1761505017866,,,
2025-10-26T18:56:57.866Z,BTCUSDT,ws,bookTicker,0,,,,113647.77000000,113647.78000000,113647.775,,1761504980360,1761505017866,,,
2025-10-26T18:56:57.866Z,BTCUSDT,mmap,rings/binance_book_chunk0,0,16594,113636.845,,113635.68,113638.01,113636.845,1761505017814,,1761505017866,,,
2025-10-26T18:56:57.866Z,BTCUSDT,ws,trade,1,5390928273,113647.78,0.00013,,,,,1761504980479,1761505017866,,,
2025-10-26T18:56:57.866Z,BTCUSDT,mmap,rings/binance_trade_chunk0,1,4329,113643.29,5e-05,,,,1761505017404,,1761505017866,,,
2025-10-26T18:56:57.866Z,BTCUSDT,ws,bookTicker,0,,,,113647.77000000,113647.78000000,113647.775,,1761504980646,1761505017866,,,
2025-10-26T18:56:57.867Z,BTCUSDT,mmap,rings/binance_trade_chunk0,1,4330,113643.29,5e-05,,,,1761505017404,,1761505017866,,,
2025-10-26T18:56:57.867Z,BTCUSDT,ws,bookTicker,0,,,,113647.77000000,113647.78000000,113647.775,,1761504980710,1761505017867,,,
2025-10-26T18:56:57.867Z,BTCUSDT,mmap,rings/binance_book_chunk0,0,16595,113636.75,,113635.68,113637.82,113636.75,1761505017814,,1761505017867,,,
2025-10-26T18:56:57.867Z,BTCUSDT,ws,bookTicker,0,,,,113647.77000000,113647.78000000,113647.775,,1761504980729,1761505017867,,,
2025-10-26T18:56:57.867Z,BTCUSDT,mmap,rings/binance_trade_chunk0,1,4331,113643.29,5e-05,,,,1761505017404,,1761505017867,,,
2025-10-26T18:56:57.867Z,BTCUSDT,ws,bookTicker,0,,,,113647.77000000,113647.78000000,113647.775,,1761504980730,1761505017867,,,
2025-10-26T18:56:57.867Z,BTCUSDT,mmap,rings/binance_book_chunk0,0,16596,113636.33499999999,,113635.68,113636.99,113636.33499999999,1761505017814,,1761505017867,,,
2025-10-26T18:56:57.867Z,BTCUSDT,ws,trade,1,5390928274,113647.78,7e-05,,,,,1761504980574,1761505017867,,,
2025-10-26T18:56:57.867Z,BTCUSDT,mmap,rings/binance_book_chunk0,0,16597,113636.29999999999,,113635.68,113636.92,113636.29999999999,1761505017814,,1761505017867,,,
2025-10-26T18:56:57.867Z,BTCUSDT,ws,bookTicker,0,,,,113647.77000000,113647.78000000,113647.775,,1761504980731,1761505017867,,,
2025-10-26T18:56:57.868Z,BTCUSDT,mmap,rings/binance_trade_chunk0,1,4332,113643.29,5e-05,,,,1761505017404,,1761505017868,,,
2025-10-26T18:56:57.868Z,BTCUSDT,ws,bookTicker,0,,,,113647.77000000,113647.78000000,113647.775,,1761504980801,1761505017868,,,
2025-10-26T18:56:57.868Z,BTCUSDT,mmap,rings/binance_book_chunk0,0,16598,113636.29,,113635.68,113636.9,113636.29,1761505017814,,1761505017868,,,
2025-10-26T18:56:57.868Z,BTCUSDT,ws,bookTicker,0,,,,113647.77000000,113647.78000000,113647.775,,1761504980970,1761505017868,,,
2025-10-26T18:56:57.868Z,BTCUSDT,mmap,rings/binance_trade_chunk0,1,4333,113643.29,5e-05,,,,1761505017404,,1761505017868,,,
2025-10-26T18:56:57.868Z,BTCUSDT,ws,trade,1,5390928275,113647.78,0.00011,,,,,1761504980812,1761505017868,,,
2025-10-26T18:56:57.868Z,BTCUSDT,mmap,rings/binance_book_chunk0,0,16599,113635.945,,113635.68,113636.21,113635.945,1761505017814,,1761505017868,,,
2025-10-26T18:56:57.868Z,BTCUSDT,ws,bookTicker,0,,,,113647.77000000,113647.78000000,113647.775,,1761504981061,1761505017868,,,
2025-10-26T18:56:57.870Z,BTCUSDT,mmap,rings/binance_trade_chunk0,1,4334,113643.29,5e-05,,,,1761505017404,,1761505017870,,,
2025-10-26T18:56:57.870Z,BTCUSDT,ws,bookTicker,0,,,,113647.77000000,113647.78000000,113647.775,,1761504981075,1761505017870,,,
2025-10-26T18:56:57.871Z,BTCUSDT,mmap,rings/binance_trade_chunk0,1,4335,113643.23,0.00352,,,,1761505017404,,1761505017871,,,
2025-10-26T18:56:57.871Z,BTCUSDT,ws,bookTicker,0,,,,113647.77000000,113647.78000000,113647.775,,1761504981076,1761505017871,,,
2025-10-26T18:56:57.882Z,BTCUSDT,mmap,rings/binance_trade_chunk0,1,4336,113643.22,0.00175,,,,1761505017404,,1761505017882,,,
2025-10-26T18:56:57.882Z,BTCUSDT,ws,bookTicker,0,,,,113647.77000000,113647.78000000,113647.775,,1761504981080,1761505017882,,,
2025-10-26T18:56:57.893Z,BTCUSDT,mmap,rings/binance_trade_chunk0,1,4337,113643.22,5e-05,,,,1761505017404,,1761505017893,,,
2025-10-26T18:56:57.893Z,BTCUSDT,ws,bookTicker,0,,,,113647.77000000,113647.78000000,113647.775,,1761504981081,1761505017893,,,
2025-10-26T18:56:57.895Z,BTCUSDT,mmap,rings/binance_trade_chunk0,1,4338,113643.22,5e-05,,,,1761505017404,,1761505017895,,,
2025-10-26T18:56:57.895Z,BTCUSDT,ws,bookTicker,0,,,,113647.77000000,113647.78000000,113647.775,,1761504981171,1761505017895,,,
2025-10-26T18:56:57.896Z,BTCUSDT,mmap,rings/binance_trade_chunk0,1,4339,113643.22,5e-05,,,,1761505017404,,1761505017896,,,
2025-10-26T18:56:57.896Z,BTCUSDT,ws,bookTicker,0,,,,113647.77000000,113647.78000000,113647.775,,1761504981186,1761505017896,,,
2025-10-26T18:56:57.896Z,BTCUSDT,mmap,rings/binance_trade_chunk0,1,4340,113643.22,5e-05,,,,1761505017404,,1761505017896,,,
2025-10-26T18:56:57.896Z,BTCUSDT,ws,trade,1,5390928276,113647.77,0.00026,,,,,1761504981027,1761505017896,,,
2025-10-26T18:56:57.896Z,BTCUSDT,mmap,rings/binance_trade_chunk0,1,4341,113643.22,5e-05,,,,1761505017404,,1761505017896,,,
2025-10-26T18:56:57.896Z,BTCUSDT,ws,bookTicker,0,,,,113647.77000000,113647.78000000,113647.775,,1761504981215,1761505017896,,,
2025-10-26T18:56:57.897Z,BTCUSDT,mmap,rings/binance_trade_chunk0,1,4342,113643.22,5e-05,,,,1761505017404,,1761505017896,,,
2025-10-26T18:56:57.897Z,BTCUSDT,ws,bookTicker,0,,,,113647.77000000,113647.78000000,113647.775,,1761504981217,1761505017897,,,
2025-10-26T18:56:57.897Z,BTCUSDT,mmap,rings/binance_book_chunk0,0,16609,113635.685,,113635.68,113635.69,113635.685,1761505017815,,1761505017897,,,
2025-10-26T18:56:57.897Z,BTCUSDT,ws,trade,1,5390928277,113647.78,0.00044,,,,,1761504981155,1761505017897,,,
2025-10-26T18:56:57.897Z,BTCUSDT,mmap,rings/binance_trade_chunk0,1,4354,113642.61,5e-05,,,,1761505017404,,1761505017897,,,
2025-10-26T18:56:57.897Z,BTCUSDT,ws,bookTicker,0,,,,113647.77000000,113647.78000000,113647.775,,1761504981303,1761505017897,,,
2025-10-26T18:56:57.898Z,BTCUSDT,mmap,rings/binance_trade_chunk0,1,4355,113642.61,5e-05,,,,1761505017404,,1761505017898,,,
2025-10-26T18:56:57.898Z,BTCUSDT,ws,bookTicker,0,,,,113647.77000000,113647.78000000,113647.775,,1761504981364,1761505017898,,,
2025-10-26T18:56:57.899Z,BTCUSDT,mmap,rings/binance_trade_chunk0,1,4356,113642.61,5e-05,,,,1761505017404,,1761505017899,,,
2025-10-26T18:56:57.899Z,BTCUSDT,ws,bookTicker,0,,,,113647.77000000,113647.78000000,113647.775,,1761504981365,1761505017899,,,
2025-10-26T18:56:57.899Z,BTCUSDT,mmap,rings/binance_trade_chunk0,1,4357,113642.6,0.01353,,,,1761505017404,,1761505017899,,,
2025-10-26T18:56:57.899Z,BTCUSDT,ws,bookTicker,0,,,,113647.77000000,113647.78000000,113647.775,,1761504981365,1761505017899,,,
2025-10-26T18:56:57.905Z,BTCUSDT,mmap,rings/binance_trade_chunk0,1,4358,113642.6,5e-05,,,,1761505017404,,1761505017905,,,
2025-10-26T18:56:57.905Z,BTCUSDT,ws,bookTicker,0,,,,113647.77000000,113647.78000000,113647.775,,1761504981365,1761505017905,,,
2025-10-26T18:56:57.906Z,BTCUSDT,mmap,rings/binance_trade_chunk0,1,4359,113642.6,5e-05,,,,1761505017404,,1761505017906,,,
2025-10-26T18:56:57.906Z,BTCUSDT,ws,bookTicker,0,,,,113647.77000000,113647.78000000,113647.775,,1761504981368,1761505017906,,,
2025-10-26T18:56:57.906Z,BTCUSDT,mmap,rings/binance_trade_chunk0,1,4360,113642.05,5e-05,,,,1761505017404,,1761505017906,,,
2025-10-26T18:56:57.906Z,BTCUSDT,ws,bookTicker,0,,,,113647.77000000,113647.78000000,113647.775,,1761504981368,1761505017906,,,
2025-10-26T18:56:57.911Z,BTCUSDT,mmap,rings/binance_trade_chunk0,1,4361,113642.0,0.0012,,,,1761505017404,,1761505017911,,,
2025-10-26T18:56:57.911Z,BTCUSDT,ws,bookTicker,0,,,,113647.77000000,113647.78000000,113647.775,,1761504981368,1761505017911,,,
2025-10-26T18:56:57.915Z,BTCUSDT,mmap,rings/binance_trade_chunk0,1,4362,113642.0,0.0002,,,,1761505017404,,1761505017915,,,
2025-10-26T18:56:57.915Z,BTCUSDT,ws,bookTicker,0,,,,113647.77000000,113647.78000000,113647.775,,1761504981369,1761505017915,,,
2025-10-26T18:56:57.915Z,BTCUSDT,mmap,rings/binance_trade_chunk0,1,4363,113642.0,0.0002,,,,1761505017404,,1761505017915,,,
2025-10-26T18:56:57.915Z,BTCUSDT,ws,bookTicker,0,,,,113647.77000000,113647.78000000,113647.775,,1761504981380,1761505017915,,,
2025-10-26T18:56:57.916Z,BTCUSDT,mmap,rings/binance_trade_chunk0,1,4364,113642.0,5e-05,,,,1761505017404,,1761505017916,,,
2025-10-26T18:56:57.916Z,BTCUSDT,ws,bookTicker,0,,,,113647.77000000,113647.78000000,113647.775,,1761504981380,1761505017916,,,
2025-10-26T18:56:57.936Z,BTCUSDT,mmap,rings/binance_trade_chunk0,1,4365,113642.0,5e-05,,,,1761505017404,,1761505017936,,,
2025-10-26T18:56:57.936Z,BTCUSDT,ws,bookTicker,0,,,,113647.77000000,113647.78000000,113647.775,,1761504981381,1761505017936,,,
2025-10-26T18:56:57.936Z,BTCUSDT,mmap,rings/binance_trade_chunk0,1,4366,113642.0,5e-05,,,,1761505017404,,1761505017936,,,
2025-10-26T18:56:57.936Z,BTCUSDT,ws,bookTicker,0,,,,113647.77000000,113647.78000000,113647.775,,1761504981382,1761505017936,,,
2025-10-26T18:56:57.936Z,BTCUSDT,mmap,rings/binance_trade_chunk0,1,4367,113641.56,5e-05,,,,1761505017404,,1761505017936,,,
2025-10-26T18:56:57.937Z,BTCUSDT,ws,bookTicker,0,,,,113647.77000000,113647.78000000,113647.775,,1761504981382,1761505017936,,,
2025-10-26T18:56:57.937Z,BTCUSDT,mmap,rings/binance_trade_chunk0,1,4368,113641.56,5e-05,,,,1761505017404,,1761505017937,,,
2025-10-26T18:56:57.937Z,BTCUSDT,ws,bookTicker,0,,,,113647.77000000,113647.78000000,113647.775,,1761504981382,1761505017937,,,
2025-10-26T18:56:57.937Z,BTCUSDT,mmap,rings/binance_trade_chunk0,1,4369,113641.56,5e-05,,,,1761505017404,,1761505017937,,,
2025-10-26T18:56:57.937Z,BTCUSDT,ws,bookTicker,0,,,,113647.77000000,113647.78000000,113647.775,,1761504981414,1761505017937,,,
2025-10-26T18:56:57.937Z,BTCUSDT,mmap,rings/binance_trade_chunk0,1,4370,113641.55,0.03722,,,,1761505017404,,1761505017937,,,
2025-10-26T18:56:57.937Z,BTCUSDT,ws,bookTicker,0,,,,113647.77000000,113647.78000000,113647.775,,1761504981417,1761505017937,,,
2025-10-26T18:56:57.938Z,BTCUSDT,mmap,rings/binance_trade_chunk0,1,4372,113641.55,0.01539,,,,1761505017404,,1761505017938,,,
2025-10-26T18:56:57.938Z,BTCUSDT,ws,bookTicker,0,,,,113647.77000000,113647.78000000,113647.775,,1761504981417,1761505017938,,,
2025-10-26T18:56:57.938Z,BTCUSDT,mmap,rings/binance_trade_chunk0,1,4373,113641.55,5e-05,,,,1761505017404,,1761505017938,,,
2025-10-26T18:56:57.938Z,BTCUSDT,ws,bookTicker,0,,,,113647.77000000,113647.78000000,113647.775,,1761504981417,1761505017938,,,
2025-10-26T18:56:57.950Z,BTCUSDT,mmap,rings/binance_trade_chunk0,1,4374,113641.55,5e-05,,,,1761505017404,,1761505017950,,,
2025-10-26T18:56:57.950Z,BTCUSDT,ws,bookTicker,0,,,,113647.77000000,113647.78000000,113647.775,,1761504981417,1761505017950,,,
2025-10-26T18:56:57.950Z,BTCUSDT,mmap,rings/binance_trade_chunk0,1,4375,113641.47,5e-05,,,,1761505017404,,1761505017950,,,
2025-10-26T18:56:57.950Z,BTCUSDT,ws,bookTicker,0,,,,113647.77000000,113647.78000000,113647.775,,1761504981418,1761505017950,,,
2025-10-26T18:56:57.951Z,BTCUSDT,mmap,rings/binance_trade_chunk0,1,4376,113641.47,5e-05,,,,1761505017404,,1761505017951,,,
2025-10-26T18:56:57.951Z,BTCUSDT,ws,bookTicker,0,,,,113647.77000000,113647.78000000,113647.775,,1761504981418,1761505017951,,,
2025-10-26T18:56:57.951Z,BTCUSDT,mmap,rings/binance_trade_chunk0,1,4377,113641.47,5e-05,,,,1761505017404,,1761505017951,,,
2025-10-26T18:56:57.951Z,BTCUSDT,ws,bookTicker,0,,,,113647.77000000,113647.78000000,113647.775,,1761504981434,1761505017951,,,
2025-10-26T18:56:57.951Z,BTCUSDT,mmap,rings/binance_trade_chunk0,1,4378,113641.23,9e-05,,,,1761505017404,,1761505017951,,,
2025-10-26T18:56:57.951Z,BTCUSDT,ws,bookTicker,0,,,,113647.77000000,113647.78000000,113647.775,,1761504981435,1761505017951,,,
2025-10-26T18:56:57.951Z,BTCUSDT,mmap,rings/binance_book_chunk0,0,16497,113644.37,,113643.8,113644.94,113644.37,1761505017578,,1761505017951,,,
2025-10-26T18:56:57.951Z,BTCUSDT,ws,bookTicker,0,,,,113647.77000000,113647.78000000,113647.775,,1761504981435,1761505017951,,,
2025-10-26T18:56:57.952Z,BTCUSDT,mmap,rings/binance_book_chunk0,0,16501,113643.905,,113643.8,113644.01,113643.905,1761505017591,,1761505017952,,,
2025-10-26T18:56:57.952Z,BTCUSDT,ws,bookTicker,0,,,,113647.77000000,113647.78000000,113647.775,,1761504981435,1761505017952,,,
2025-10-26T18:56:57.953Z,BTCUSDT,mmap,rings/binance_book_chunk0,0,16502,113643.805,,113643.8,113643.81,113643.805,1761505017591,,1761505017953,,,
