ts_iso,symbol,source,subsource,kind,seq_or_tradeid,px,sz,bid,ask,mid,recv_ts,ws_ts,arrival_ms,price_diff,matched_with,note
2025-10-28T21:11:34.038Z,XRPUSDT,mmap,rings/binance_trade_chunk3,1,841,2.5751,351.6,,,,1761685893993,0,1761685894038,,,
2025-10-28T21:11:34.038Z,XRPUSDT,mmap,rings/binance_trade_chunk3,1,855,2.5752,11,,,,1761685894007,0,1761685894038,,,
2025-10-28T21:11:34.038Z,XRPUSDT,mmap,rings/binance_trade_chunk3,1,856,2.5752,2,,,,1761685894007,0,1761685894038,,,
2025-10-28T21:11:34.038Z,XRPUSDT,mmap,rings/binance_trade_chunk3,1,857,2.5752,181.2,,,,1761685894007,0,1761685894038,,,
2025-10-28T21:11:34.305Z,XRPUSDT,mmap,rings/binance_trade_chunk3,1,923,2.5752,2,,,,1761685894265,0,1761685894305,,,
2025-10-28T21:11:34.305Z,XRPUSDT,mmap,rings/binance_trade_chunk3,1,924,2.5752,2,,,,1761685894286,0,1761685894305,,,
2025-10-28T21:11:34.305Z,XRPUSDT,mmap,rings/binance_trade_chunk3,1,925,2.5752,2,,,,1761685894286,0,1761685894305,,,
2025-10-28T21:11:34.305Z,XRPUSDT,mmap,rings/binance_trade_chunk3,1,926,2.5752,13.6,,,,1761685894286,0,1761685894305,,,
2025-10-28T21:11:34.305Z,XRPUSDT,mmap,rings/binance_trade_chunk3,1,927,2.5752,2,,,,1761685894286,0,1761685894305,,,
2025-10-28T21:11:34.305Z,XRPUSDT,mmap,rings/binance_trade_chunk3,1,928,2.5752,4.2,,,,1761685894286,0,1761685894305,,,
2025-10-28T21:11:34.305Z,XRPUSDT,mmap,rings/binance_trade_chunk3,1,929,2.5752,2.1,,,,1761685894286,0,1761685894305,,,
2025-10-28T21:11:34.305Z,XRPUSDT,mmap,rings/binance_trade_chunk3,1,930,2.5752,2.1,,,,1761685894286,0,1761685894305,,,
2025-10-28T21:11:34.305Z,XRPUSDT,mmap,rings/binance_trade_chunk3,1,931,2.5752,2,,,,1761685894286,0,1761685894305,,,
2025-10-28T21:11:34.305Z,XRPUSDT,mmap,rings/binance_trade_chunk3,1,932,2.5752,2,,,,1761685894286,0,1761685894305,,,
2025-10-28T21:11:34.305Z,XRPUSDT,mmap,rings/binance_trade_chunk3,1,933,2.5752,2,,,,1761685894286,0,1761685894305,,,
2025-10-28T21:11:34.306Z,XRPUSDT,mmap,rings/binance_trade_chunk3,1,934,2.5752,2,,,,1761685894286,0,1761685894305,,,
2025-10-28T21:11:34.306Z,XRPUSDT,mmap,rings/binance_trade_chunk3,1,935,2.5752,13.6,,,,1761685894286,0,1761685894306,,,
2025-10-28T21:11:34.306Z,XRPUSDT,mmap,rings/binance_trade_chunk3,1,936,2.5752,2,,,,1761685894286,0,1761685894306,,,
2025-10-28T21:11:34.306Z,XRPUSDT,mmap,rings/binance_trade_chunk3,1,937,2.5752,2,,,,1761685894286,0,1761685894306,,,
2025-10-28T21:11:34.306Z,XRPUSDT,mmap,rings/binance_trade_chunk3,1,941,2.5752,2,,,,1761685894286,0,1761685894306,,,
2025-10-28T21:11:34.306Z,XRPUSDT,mmap,rings/binance_trade_chunk3,1,942,2.5752,2.1,,,,1761685894287,0,1761685894306,,,
2025-10-28T21:11:34.568Z,XRPUSDT,mmap,rings/binance_trade_chunk3,1,1002,2.5753,2,,,,1761685894542,0,1761685894568,,,
2025-10-28T21:11:34.568Z,XRPUSDT,mmap,rings/binance_trade_chunk3,1,1003,2.5753,2.1,,,,1761685894542,0,1761685894568,,,
2025-10-28T21:11:34.568Z,XRPUSDT,mmap,rings/binance_trade_chunk3,1,1004,2.5753,2.1,,,,1761685894543,0,1761685894568,,,
2025-10-28T21:11:34.568Z,XRPUSDT,mmap,rings/binance_trade_chunk3,1,1005,2.5753,2,,,,1761685894543,0,1761685894568,,,
2025-10-28T21:11:34.568Z,XRPUSDT,mmap,rings/binance_trade_chunk3,1,1006,2.5753,2,,,,1761685894543,0,1761685894568,,,
2025-10-28T21:11:34.568Z,XRPUSDT,mmap,rings/binance_trade_chunk3,1,1007,2.5753,2,,,,1761685894543,0,1761685894568,,,
2025-10-28T21:11:34.568Z,XRPUSDT,mmap,rings/binance_trade_chunk3,1,1008,2.5753,2,,,,1761685894543,0,1761685894568,,,
2025-10-28T21:11:34.568Z,XRPUSDT,mmap,rings/binance_trade_chunk3,1,1009,2.5753,2,,,,1761685894543,0,1761685894568,,,
2025-10-28T21:11:34.568Z,XRPUSDT,mmap,rings/binance_trade_chunk3,1,1010,2.5753,2,,,,1761685894543,0,1761685894568,,,
2025-10-28T21:11:34.568Z,XRPUSDT,mmap,rings/binance_trade_chunk3,1,1011,2.5753,2,,,,1761685894543,0,1761685894568,,,
2025-10-28T21:11:34.568Z,XRPUSDT,mmap,rings/binance_trade_chunk3,1,1012,2.5753,2,,,,1761685894543,0,1761685894568,,,
2025-10-28T21:11:34.569Z,XRPUSDT,mmap,rings/binance_trade_chunk3,1,1013,2.5753,6.8,,,,1761685894543,0,1761685894569,,,
2025-10-28T21:11:34.569Z,XRPUSDT,mmap,rings/binance_trade_chunk3,1,1014,2.5753,2.1,,,,1761685894543,0,1761685894569,,,
2025-10-28T21:11:34.569Z,XRPUSDT,mmap,rings/binance_trade_chunk3,1,1015,2.5753,2,,,,1761685894543,0,1761685894569,,,
2025-10-28T21:11:34.673Z,XRPUSDT,mmap,rings/binance_trade_chunk3,1,1031,2.5754,48.7,,,,1761685894648,0,1761685894673,,,
2025-10-28T21:11:34.673Z,XRPUSDT,mmap,rings/binance_trade_chunk3,1,1032,2.5754,2,,,,1761685894648,0,1761685894673,,,
2025-10-28T21:11:34.673Z,XRPUSDT,mmap,rings/binance_trade_chunk3,1,1033,2.5754,2.1,,,,1761685894648,0,1761685894673,,,
2025-10-28T21:11:34.674Z,XRPUSDT,mmap,rings/binance_trade_chunk3,1,1034,2.5754,2.1,,,,1761685894648,0,1761685894673,,,
2025-10-28T21:11:34.674Z,XRPUSDT,mmap,rings/binance_trade_chunk3,1,1035,2.5754,2.1,,,,1761685894648,0,1761685894674,,,
2025-10-28T21:11:34.674Z,XRPUSDT,mmap,rings/binance_trade_chunk3,1,1036,2.5754,2,,,,1761685894648,0,1761685894674,,,
2025-10-28T21:11:34.674Z,XRPUSDT,mmap,rings/binance_trade_chunk3,1,1037,2.5754,2,,,,1761685894648,0,1761685894674,,,
2025-10-28T21:11:34.674Z,XRPUSDT,mmap,rings/binance_trade_chunk3,1,1038,2.5754,2,,,,1761685894648,0,1761685894674,,,
2025-10-28T21:11:34.674Z,XRPUSDT,mmap,rings/binance_trade_chunk3,1,1039,2.5754,2,,,,1761685894648,0,1761685894674,,,
2025-10-28T21:11:34.674Z,XRPUSDT,mmap,rings/binance_trade_chunk3,1,1040,2.5754,2,,,,1761685894648,0,1761685894674,,,
2025-10-28T21:11:34.674Z,XRPUSDT,mmap,rings/binance_trade_chunk3,1,1041,2.5754,2,,,,1761685894648,0,1761685894674,,,
2025-10-28T21:11:34.674Z,XRPUSDT,mmap,rings/binance_trade_chunk3,1,1042,2.5754,2,,,,1761685894648,0,1761685894674,,,
2025-10-28T21:11:34.674Z,XRPUSDT,mmap,rings/binance_trade_chunk3,1,1043,2.5754,2,,,,1761685894648,0,1761685894674,,,
2025-10-28T21:11:34.674Z,XRPUSDT,mmap,rings/binance_trade_chunk3,1,1044,2.5754,2.1,,,,1761685894648,0,1761685894674,,,
2025-10-28T21:11:34.674Z,XRPUSDT,mmap,rings/binance_trade_chunk3,1,1045,2.5754,2,,,,1761685894648,0,1761685894674,,,
2025-10-28T21:11:34.674Z,XRPUSDT,mmap,rings/binance_trade_chunk3,1,1046,2.5755,2.2,,,,1761685894648,0,1761685894674,,,
2025-10-28T21:11:34.675Z,XRPUSDT,mmap,rings/binance_trade_chunk3,1,1047,2.5755,2.4,,,,1761685894648,0,1761685894675,,,
2025-10-28T21:11:34.675Z,XRPUSDT,mmap,rings/binance_trade_chunk3,1,1048,2.5755,2,,,,1761685894648,0,1761685894675,,,
2025-10-28T21:11:34.675Z,XRPUSDT,mmap,rings/binance_trade_chunk3,1,1049,2.5755,2,,,,1761685894648,0,1761685894675,,,
2025-10-28T21:11:34.675Z,XRPUSDT,mmap,rings/binance_trade_chunk3,1,1050,2.5755,2,,,,1761685894648,0,1761685894675,,,
2025-10-28T21:11:34.675Z,XRPUSDT,mmap,rings/binance_trade_chunk3,1,1051,2.5755,2.1,,,,1761685894648,0,1761685894675,,,
2025-10-28T21:11:34.675Z,XRPUSDT,mmap,rings/binance_trade_chunk3,1,1052,2.5755,2.1,,,,1761685894648,0,1761685894675,,,
2025-10-28T21:11:34.675Z,XRPUSDT,mmap,rings/binance_trade_chunk3,1,1053,2.5755,2.1,,,,1761685894648,0,1761685894675,,,
2025-10-28T21:11:34.675Z,XRPUSDT,mmap,rings/binance_trade_chunk3,1,1054,2.5756,2,,,,1761685894648,0,1761685894675,,,
2025-10-28T21:11:34.675Z,XRPUSDT,mmap,rings/binance_trade_chunk3,1,1055,2.5756,33,,,,1761685894648,0,1761685894675,,,
2025-10-28T21:11:34.675Z,XRPUSDT,mmap,rings/binance_trade_chunk3,1,1056,2.5756,2,,,,1761685894649,0,1761685894675,,,
2025-10-28T21:11:34.675Z,XRPUSDT,mmap,rings/binance_trade_chunk3,1,1057,2.5756,2,,,,1761685894649,0,1761685894675,,,
2025-10-28T21:11:34.676Z,XRPUSDT,mmap,rings/binance_trade_chunk3,1,1058,2.5756,2.1,,,,1761685894649,0,1761685894675,,,
2025-10-28T21:11:34.676Z,XRPUSDT,mmap,rings/binance_trade_chunk3,1,1059,2.5756,2.1,,,,1761685894649,0,1761685894676,,,
2025-10-28T21:11:34.676Z,XRPUSDT,mmap,rings/binance_trade_chunk3,1,1060,2.5756,2.1,,,,1761685894649,0,1761685894676,,,
2025-10-28T21:11:34.676Z,XRPUSDT,mmap,rings/binance_trade_chunk3,1,1061,2.5757,2,,,,1761685894649,0,1761685894676,,,
2025-10-28T21:11:34.676Z,XRPUSDT,mmap,rings/binance_trade_chunk3,1,1062,2.5757,2,,,,1761685894649,0,1761685894676,,,
2025-10-28T21:11:34.676Z,XRPUSDT,mmap,rings/binance_trade_chunk3,1,1063,2.5757,2,,,,1761685894649,0,1761685894676,,,
2025-10-28T21:11:34.676Z,XRPUSDT,mmap,rings/binance_trade_chunk3,1,1064,2.5757,2.1,,,,1761685894649,0,1761685894676,,,
2025-10-28T21:11:34.676Z,XRPUSDT,mmap,rings/binance_trade_chunk3,1,1065,2.5757,2.1,,,,1761685894649,0,1761685894676,,,
2025-10-28T21:11:34.676Z,XRPUSDT,mmap,rings/binance_trade_chunk3,1,1066,2.5757,2.1,,,,1761685894649,0,1761685894676,,,
2025-10-28T21:11:34.729Z,XRPUSDT,mmap,rings/binance_trade_chunk3,1,1070,2.5758,2.4,,,,1761685894678,0,1761685894729,,,
2025-10-28T21:11:34.729Z,XRPUSDT,mmap,rings/binance_trade_chunk3,1,1071,2.5758,3,,,,1761685894678,0,1761685894729,,,
2025-10-28T21:11:34.729Z,XRPUSDT,mmap,rings/binance_trade_chunk3,1,1072,2.5758,2.2,,,,1761685894678,0,1761685894729,,,
2025-10-28T21:11:34.729Z,XRPUSDT,mmap,rings/binance_trade_chunk3,1,1073,2.5758,5,,,,1761685894678,0,1761685894729,,,
2025-10-28T21:11:34.729Z,XRPUSDT,mmap,rings/binance_trade_chunk3,1,1074,2.5758,2.1,,,,1761685894678,0,1761685894729,,,
2025-10-28T21:11:34.729Z,XRPUSDT,mmap,rings/binance_trade_chunk3,1,1075,2.5758,2,,,,1761685894678,0,1761685894729,,,
2025-10-28T21:11:34.729Z,XRPUSDT,mmap,rings/binance_trade_chunk3,1,1076,2.5758,60.9,,,,1761685894678,0,1761685894729,,,
2025-10-28T21:11:35.640Z,XRPUSDT,mmap,rings/binance_trade_chunk3,1,1314,2.5757,25.9,,,,1761685895632,0,1761685895639,,,
2025-10-28T21:11:36.010Z,XRPUSDT,mmap,rings/binance_trade_chunk3,1,1411,2.5757,70.6,,,,1761685895975,0,1761685896010,,,
2025-10-28T21:11:36.010Z,XRPUSDT,mmap,rings/binance_trade_chunk3,1,1415,2.5757,21.9,,,,1761685895975,0,1761685896010,,,
2025-10-28T21:11:36.011Z,XRPUSDT,mmap,rings/binance_trade_chunk3,1,1439,2.5758,2,,,,1761685895976,0,1761685896011,,,
2025-10-28T21:11:36.011Z,XRPUSDT,mmap,rings/binance_trade_chunk3,1,1440,2.5758,2,,,,1761685895976,0,1761685896011,,,
2025-10-28T21:11:36.011Z,XRPUSDT,mmap,rings/binance_trade_chunk3,1,1441,2.5758,2,,,,1761685895976,0,1761685896011,,,
2025-10-28T21:11:36.011Z,XRPUSDT,mmap,rings/binance_trade_chunk3,1,1442,2.5758,27.1,,,,1761685895976,0,1761685896011,,,
2025-10-28T21:11:36.011Z,XRPUSDT,mmap,rings/binance_trade_chunk3,1,1443,2.5758,23.8,,,,1761685895976,0,1761685896011,,,
2025-10-28T21:11:36.012Z,XRPUSDT,mmap,rings/binance_trade_chunk3,1,1463,2.5757,223.9,,,,1761685895977,0,1761685896012,,,
2025-10-28T21:11:36.067Z,XRPUSDT,mmap,rings/binance_trade_chunk3,1,1508,2.5757,9.9,,,,1761685896059,0,1761685896067,,,
2025-10-28T21:11:36.224Z,XRPUSDT,mmap,rings/binance_trade_chunk3,1,1527,2.5757,4.4,,,,1761685896217,0,1761685896224,,,
2025-10-28T21:11:36.224Z,XRPUSDT,mmap,rings/binance_trade_chunk3,1,1528,2.5757,2.1,,,,1761685896217,0,1761685896224,,,
2025-10-28T21:11:36.224Z,XRPUSDT,mmap,rings/binance_trade_chunk3,1,1529,2.5757,2.1,,,,1761685896217,0,1761685896224,,,
2025-10-28T21:11:36.224Z,XRPUSDT,mmap,rings/binance_trade_chunk3,1,1530,2.5757,2,,,,1761685896217,0,1761685896224,,,
2025-10-28T21:11:36.224Z,XRPUSDT,mmap,rings/binance_trade_chunk3,1,1531,2.5757,2,,,,1761685896217,0,1761685896224,,,
2025-10-28T21:11:36.224Z,XRPUSDT,mmap,rings/binance_trade_chunk3,1,1532,2.5757,2,,,,1761685896217,0,1761685896224,,,
2025-10-28T21:11:36.224Z,XRPUSDT,mmap,rings/binance_trade_chunk3,1,1533,2.5757,2,,,,1761685896217,0,1761685896224,,,
2025-10-28T21:11:36.225Z,XRPUSDT,mmap,rings/binance_trade_chunk3,1,1534,2.5757,76.1,,,,1761685896217,0,1761685896225,,,
2025-10-28T21:11:36.225Z,XRPUSDT,mmap,rings/binance_trade_chunk3,1,1535,2.5757,2.1,,,,1761685896217,0,1761685896225,,,
2025-10-28T21:11:36.225Z,XRPUSDT,mmap,rings/binance_trade_chunk3,1,1536,2.5757,2,,,,1761685896217,0,1761685896225,,,
2025-10-28T21:11:36.277Z,XRPUSDT,mmap,rings/binance_trade_chunk3,1,1539,2.5756,2,,,,1761685896240,0,1761685896277,,,
2025-10-28T21:11:36.277Z,XRPUSDT,mmap,rings/binance_trade_chunk3,1,1540,2.5756,2.1,,,,1761685896240,0,1761685896277,,,
2025-10-28T21:11:36.277Z,XRPUSDT,mmap,rings/binance_trade_chunk3,1,1541,2.5756,2.1,,,,1761685896240,0,1761685896277,,,
2025-10-28T21:11:36.277Z,XRPUSDT,mmap,rings/binance_trade_chunk3,1,1542,2.5756,3873.3,,,,1761685896240,0,1761685896277,,,
2025-10-28T21:11:36.277Z,XRPUSDT,mmap,rings/binance_trade_chunk3,1,1543,2.5756,2,,,,1761685896240,0,1761685896277,,,
2025-10-28T21:11:36.277Z,XRPUSDT,mmap,rings/binance_trade_chunk3,1,1544,2.5756,2,,,,1761685896240,0,1761685896277,,,
2025-10-28T21:11:36.277Z,XRPUSDT,mmap,rings/binance_trade_chunk3,1,1545,2.5756,2,,,,1761685896240,0,1761685896277,,,
2025-10-28T21:11:36.278Z,XRPUSDT,mmap,rings/binance_trade_chunk3,1,1546,2.5756,2.1,,,,1761685896240,0,1761685896278,,,
2025-10-28T21:11:36.278Z,XRPUSDT,mmap,rings/binance_trade_chunk3,1,1547,2.5756,2,,,,1761685896240,0,1761685896278,,,
2025-10-28T21:11:36.488Z,XRPUSDT,mmap,rings/binance_trade_chunk3,1,1576,2.5755,177,,,,1761685896486,0,1761685896488,,,
2025-10-28T21:11:36.488Z,XRPUSDT,mmap,rings/binance_trade_chunk3,1,1577,2.5755,2,,,,1761685896486,0,1761685896488,,,
2025-10-28T21:11:36.488Z,XRPUSDT,mmap,rings/binance_trade_chunk3,1,1578,2.5755,2.1,,,,1761685896486,0,1761685896488,,,
2025-10-28T21:11:36.488Z,XRPUSDT,mmap,rings/binance_trade_chunk3,1,1579,2.5755,2.1,,,,1761685896486,0,1761685896488,,,
2025-10-28T21:11:36.488Z,XRPUSDT,mmap,rings/binance_trade_chunk3,1,1580,2.5755,2,,,,1761685896486,0,1761685896488,,,
2025-10-28T21:11:36.488Z,XRPUSDT,mmap,rings/binance_trade_chunk3,1,1581,2.5755,2,,,,1761685896486,0,1761685896488,,,
2025-10-28T21:11:36.489Z,XRPUSDT,mmap,rings/binance_trade_chunk3,1,1597,2.5755,2,,,,1761685896487,0,1761685896489,,,
2025-10-28T21:11:36.489Z,XRPUSDT,mmap,rings/binance_trade_chunk3,1,1598,2.5755,2,,,,1761685896487,0,1761685896489,,,
2025-10-28T21:11:36.489Z,XRPUSDT,mmap,rings/binance_trade_chunk3,1,1599,2.5755,2.1,,,,1761685896487,0,1761685896489,,,
2025-10-28T21:11:36.489Z,XRPUSDT,mmap,rings/binance_trade_chunk3,1,1600,2.5755,2.1,,,,1761685896487,0,1761685896489,,,
2025-10-28T21:11:36.489Z,XRPUSDT,mmap,rings/binance_trade_chunk3,1,1601,2.5755,2,,,,1761685896487,0,1761685896489,,,
2025-10-28T21:11:36.489Z,XRPUSDT,mmap,rings/binance_trade_chunk3,1,1602,2.5755,2,,,,1761685896487,0,1761685896489,,,
2025-10-28T21:11:36.546Z,XRPUSDT,mmap,rings/binance_trade_chunk3,1,1599,2.5755,2.1,,,,1761685896487,0,1761685896546,,,
2025-10-28T21:11:36.546Z,XRPUSDT,mmap,rings/binance_trade_chunk3,1,1600,2.5755,2.1,,,,1761685896487,0,1761685896546,,,
2025-10-28T21:11:36.546Z,XRPUSDT,mmap,rings/binance_trade_chunk3,1,1601,2.5755,2,,,,1761685896487,0,1761685896546,,,
2025-10-28T21:11:36.546Z,XRPUSDT,mmap,rings/binance_trade_chunk3,1,1602,2.5755,2,,,,1761685896487,0,1761685896546,,,
2025-10-28T21:11:36.809Z,XRPUSDT,mmap,rings/binance_trade_chunk3,1,1687,2.5755,2,,,,1761685896757,0,1761685896809,,,
2025-10-28T21:11:36.809Z,XRPUSDT,mmap,rings/binance_trade_chunk3,1,1688,2.5755,2,,,,1761685896757,0,1761685896809,,,
2025-10-28T21:11:36.809Z,XRPUSDT,mmap,rings/binance_trade_chunk3,1,1689,2.5755,2,,,,1761685896757,0,1761685896809,,,
2025-10-28T21:11:36.809Z,XRPUSDT,mmap,rings/binance_trade_chunk3,1,1690,2.5755,2,,,,1761685896758,0,1761685896809,,,
2025-10-28T21:11:36.809Z,XRPUSDT,mmap,rings/binance_trade_chunk3,1,1691,2.5755,333,,,,1761685896758,0,1761685896809,,,
2025-10-28T21:11:36.810Z,XRPUSDT,mmap,rings/binance_trade_chunk3,1,1712,2.5755,16.6,,,,1761685896775,0,1761685896810,,,
2025-10-28T21:11:37.029Z,XRPUSDT,mmap,rings/binance_trade_chunk3,1,1723,2.5755,202.2,,,,1761685897026,0,1761685897028,,,
2025-10-28T21:11:37.029Z,XRPUSDT,mmap,rings/binance_trade_chunk3,1,1724,2.5755,2.1,,,,1761685897026,0,1761685897029,,,
2025-10-28T21:11:37.029Z,XRPUSDT,mmap,rings/binance_trade_chunk3,1,1725,2.5755,2.1,,,,1761685897026,0,1761685897029,,,
2025-10-28T21:11:37.029Z,XRPUSDT,mmap,rings/binance_trade_chunk3,1,1726,2.5755,2,,,,1761685897026,0,1761685897029,,,
2025-10-28T21:11:37.029Z,XRPUSDT,mmap,rings/binance_trade_chunk3,1,1727,2.5755,2,,,,1761685897026,0,1761685897029,,,
2025-10-28T21:11:37.029Z,XRPUSDT,mmap,rings/binance_trade_chunk3,1,1728,2.5755,2,,,,1761685897026,0,1761685897029,,,
2025-10-28T21:11:37.029Z,XRPUSDT,mmap,rings/binance_trade_chunk3,1,1729,2.5755,2,,,,1761685897026,0,1761685897029,,,
2025-10-28T21:11:37.029Z,XRPUSDT,mmap,rings/binance_trade_chunk3,1,1730,2.5755,2.1,,,,1761685897026,0,1761685897029,,,
2025-10-28T21:11:37.029Z,XRPUSDT,mmap,rings/binance_trade_chunk3,1,1731,2.5755,2,,,,1761685897026,0,1761685897029,,,
2025-10-28T21:11:37.029Z,XRPUSDT,mmap,rings/binance_trade_chunk3,1,1732,2.5754,3,,,,1761685897026,0,1761685897029,,,
2025-10-28T21:11:37.029Z,XRPUSDT,mmap,rings/binance_trade_chunk3,1,1733,2.5754,2,,,,1761685897026,0,1761685897029,,,
2025-10-28T21:11:37.029Z,XRPUSDT,mmap,rings/binance_trade_chunk3,1,1734,2.5754,2,,,,1761685897026,0,1761685897029,,,
2025-10-28T21:11:37.030Z,XRPUSDT,mmap,rings/binance_trade_chunk3,1,1735,2.5754,2,,,,1761685897026,0,1761685897030,,,
2025-10-28T21:11:37.030Z,XRPUSDT,mmap,rings/binance_trade_chunk3,1,1736,2.5754,2.1,,,,1761685897026,0,1761685897030,,,
2025-10-28T21:11:37.030Z,XRPUSDT,mmap,rings/binance_trade_chunk3,1,1737,2.5754,2.1,,,,1761685897026,0,1761685897030,,,
2025-10-28T21:11:37.030Z,XRPUSDT,mmap,rings/binance_trade_chunk3,1,1738,2.5754,2.1,,,,1761685897026,0,1761685897030,,,
2025-10-28T21:11:37.030Z,XRPUSDT,mmap,rings/binance_trade_chunk3,1,1739,2.5753,2,,,,1761685897026,0,1761685897030,,,
2025-10-28T21:11:37.030Z,XRPUSDT,mmap,rings/binance_trade_chunk3,1,1740,2.5753,2,,,,1761685897026,0,1761685897030,,,
2025-10-28T21:11:37.030Z,XRPUSDT,mmap,rings/binance_trade_chunk3,1,1741,2.5753,2.1,,,,1761685897026,0,1761685897030,,,
2025-10-28T21:11:37.030Z,XRPUSDT,mmap,rings/binance_trade_chunk3,1,1742,2.5753,2.1,,,,1761685897026,0,1761685897030,,,
2025-10-28T21:11:37.030Z,XRPUSDT,mmap,rings/binance_trade_chunk3,1,1743,2.5753,2.1,,,,1761685897026,0,1761685897030,,,
2025-10-28T21:11:37.030Z,XRPUSDT,mmap,rings/binance_trade_chunk3,1,1744,2.5752,2,,,,1761685897026,0,1761685897030,,,
2025-10-28T21:11:37.030Z,XRPUSDT,mmap,rings/binance_trade_chunk3,1,1745,2.5752,2,,,,1761685897026,0,1761685897030,,,
2025-10-28T21:11:37.030Z,XRPUSDT,mmap,rings/binance_trade_chunk3,1,1746,2.5752,2,,,,1761685897026,0,1761685897030,,,
2025-10-28T21:11:37.031Z,XRPUSDT,mmap,rings/binance_trade_chunk3,1,1747,2.5752,2.1,,,,1761685897026,0,1761685897030,,,
2025-10-28T21:11:37.031Z,XRPUSDT,mmap,rings/binance_trade_chunk3,1,1748,2.5752,2.1,,,,1761685897026,0,1761685897031,,,
2025-10-28T21:11:37.031Z,XRPUSDT,mmap,rings/binance_trade_chunk3,1,1749,2.5752,2.1,,,,1761685897026,0,1761685897031,,,
2025-10-28T21:11:37.031Z,XRPUSDT,mmap,rings/binance_trade_chunk3,1,1750,2.5751,2,,,,1761685897026,0,1761685897031,,,
2025-10-28T21:11:37.031Z,XRPUSDT,mmap,rings/binance_trade_chunk3,1,1751,2.5751,3,,,,1761685897026,0,1761685897031,,,
2025-10-28T21:11:37.031Z,XRPUSDT,mmap,rings/binance_trade_chunk3,1,1752,2.5751,2,,,,1761685897026,0,1761685897031,,,
2025-10-28T21:11:37.031Z,XRPUSDT,mmap,rings/binance_trade_chunk3,1,1753,2.5751,2.1,,,,1761685897026,0,1761685897031,,,
2025-10-28T21:11:37.194Z,XRPUSDT,mmap,rings/binance_trade_chunk3,1,1812,2.5751,48,,,,1761685897142,0,1761685897194,,,
2025-10-28T21:11:37.355Z,XRPUSDT,mmap,rings/binance_trade_chunk3,1,1862,2.575,9.5,,,,1761685897308,0,1761685897355,,,
2025-10-28T21:11:37.567Z,XRPUSDT,mmap,rings/binance_trade_chunk3,1,1956,2.5751,388.5,,,,1761685897566,0,1761685897567,,,
2025-10-28T21:11:37.620Z,XRPUSDT,mmap,rings/binance_trade_chunk3,1,1956,2.5751,388.5,,,,1761685897566,0,1761685897620,,,
2025-10-28T21:11:37.994Z,XRPUSDT,mmap,rings/binance_trade_chunk3,1,2040,2.5751,322.8,,,,1761685897951,0,1761685897994,,,
2025-10-28T21:11:37.994Z,XRPUSDT,mmap,rings/binance_trade_chunk3,1,2041,2.5751,763.5,,,,1761685897951,0,1761685897994,,,
2025-10-28T21:11:37.996Z,XRPUSDT,mmap,rings/binance_trade_chunk3,1,2088,2.5751,1086.4,,,,1761685897952,0,1761685897996,,,
2025-10-28T21:11:37.996Z,XRPUSDT,mmap,rings/binance_trade_chunk3,1,2089,2.5751,532.4,,,,1761685897952,0,1761685897996,,,
2025-10-28T21:11:37.997Z,XRPUSDT,mmap,rings/binance_trade_chunk3,1,2090,2.5751,1503.8,,,,1761685897952,0,1761685897996,,,
2025-10-28T21:11:37.997Z,XRPUSDT,mmap,rings/binance_trade_chunk3,1,2091,2.5751,4.2,,,,1761685897952,0,1761685897997,,,
2025-10-28T21:11:37.997Z,XRPUSDT,mmap,rings/binance_trade_chunk3,1,2092,2.5751,2.1,,,,1761685897952,0,1761685897997,,,
2025-10-28T21:11:37.997Z,XRPUSDT,mmap,rings/binance_trade_chunk3,1,2093,2.5751,2,,,,1761685897952,0,1761685897997,,,
2025-10-28T21:11:37.997Z,XRPUSDT,mmap,rings/binance_trade_chunk3,1,2094,2.5751,2,,,,1761685897952,0,1761685897997,,,
2025-10-28T21:11:37.997Z,XRPUSDT,mmap,rings/binance_trade_chunk3,1,2095,2.5751,2.1,,,,1761685897952,0,1761685897997,,,
2025-10-28T21:11:37.997Z,XRPUSDT,mmap,rings/binance_trade_chunk3,1,2096,2.5751,2,,,,1761685897952,0,1761685897997,,,
2025-10-28T21:11:37.997Z,XRPUSDT,mmap,rings/binance_trade_chunk3,1,2097,2.5751,2,,,,1761685897952,0,1761685897997,,,
2025-10-28T21:11:37.997Z,XRPUSDT,mmap,rings/binance_trade_chunk3,1,2098,2.5751,2,,,,1761685897952,0,1761685897997,,,
2025-10-28T21:11:37.997Z,XRPUSDT,mmap,rings/binance_trade_chunk3,1,2099,2.5751,2,,,,1761685897952,0,1761685897997,,,
2025-10-28T21:11:37.997Z,XRPUSDT,mmap,rings/binance_trade_chunk3,1,2100,2.5751,2,,,,1761685897952,0,1761685897997,,,
2025-10-28T21:11:37.997Z,XRPUSDT,mmap,rings/binance_trade_chunk3,1,2101,2.5751,2,,,,1761685897952,0,1761685897997,,,
2025-10-28T21:11:37.997Z,XRPUSDT,mmap,rings/binance_trade_chunk3,1,2102,2.5751,2,,,,1761685897952,0,1761685897997,,,
2025-10-28T21:11:37.998Z,XRPUSDT,mmap,rings/binance_trade_chunk3,1,2103,2.5751,44.2,,,,1761685897952,0,1761685897998,,,
2025-10-28T21:11:37.998Z,XRPUSDT,mmap,rings/binance_trade_chunk3,1,2104,2.5751,2.1,,,,1761685897952,0,1761685897998,,,
2025-10-28T21:11:37.998Z,XRPUSDT,mmap,rings/binance_trade_chunk3,1,2105,2.5751,2,,,,1761685897952,0,1761685897998,,,
2025-10-28T21:11:37.998Z,XRPUSDT,mmap,rings/binance_trade_chunk3,1,2111,2.5752,2.1,,,,1761685897952,0,1761685897998,,,
2025-10-28T21:11:37.998Z,XRPUSDT,mmap,rings/binance_trade_chunk3,1,2112,2.5752,2.1,,,,1761685897952,0,1761685897998,,,
2025-10-28T21:11:37.998Z,XRPUSDT,mmap,rings/binance_trade_chunk3,1,2113,2.5752,2,,,,1761685897952,0,1761685897998,,,
2025-10-28T21:11:37.998Z,XRPUSDT,mmap,rings/binance_trade_chunk3,1,2114,2.5752,2,,,,1761685897952,0,1761685897998,,,
2025-10-28T21:11:37.998Z,XRPUSDT,mmap,rings/binance_trade_chunk3,1,2115,2.5752,2,,,,1761685897952,0,1761685897998,,,
2025-10-28T21:11:37.998Z,XRPUSDT,mmap,rings/binance_trade_chunk3,1,2116,2.5752,2,,,,1761685897952,0,1761685897998,,,
2025-10-28T21:11:37.998Z,XRPUSDT,mmap,rings/binance_trade_chunk3,1,2117,2.5752,2,,,,1761685897952,0,1761685897998,,,
2025-10-28T21:11:37.999Z,XRPUSDT,mmap,rings/binance_trade_chunk3,1,2118,2.5752,2,,,,1761685897952,0,1761685897999,,,
2025-10-28T21:11:37.999Z,XRPUSDT,mmap,rings/binance_trade_chunk3,1,2119,2.5752,2,,,,1761685897952,0,1761685897999,,,
2025-10-28T21:11:37.999Z,XRPUSDT,mmap,rings/binance_trade_chunk3,1,2120,2.5752,2.1,,,,1761685897953,0,1761685897999,,,
2025-10-28T21:11:37.999Z,XRPUSDT,mmap,rings/binance_trade_chunk3,1,2121,2.5752,2,,,,1761685897953,0,1761685897999,,,
2025-10-28T21:11:37.999Z,XRPUSDT,mmap,rings/binance_trade_chunk3,1,2122,2.5753,2,,,,1761685897953,0,1761685897999,,,
2025-10-28T21:11:38.207Z,XRPUSDT,mmap,rings/binance_trade_chunk3,1,2123,2.5753,2.1,,,,1761685898160,0,1761685898206,,,
2025-10-28T21:11:38.207Z,XRPUSDT,mmap,rings/binance_trade_chunk3,1,2124,2.5753,2.1,,,,1761685898160,0,1761685898207,,,
2025-10-28T21:11:38.207Z,XRPUSDT,mmap,rings/binance_trade_chunk3,1,2125,2.5753,2,,,,1761685898160,0,1761685898207,,,
2025-10-28T21:11:38.207Z,XRPUSDT,mmap,rings/binance_trade_chunk3,1,2126,2.5753,2.1,,,,1761685898160,0,1761685898207,,,
2025-10-28T21:11:38.207Z,XRPUSDT,mmap,rings/binance_trade_chunk3,1,2127,2.5754,2,,,,1761685898160,0,1761685898207,,,
2025-10-28T21:11:38.207Z,XRPUSDT,mmap,rings/binance_trade_chunk3,1,2128,2.5754,2,,,,1761685898160,0,1761685898207,,,
2025-10-28T21:11:38.207Z,XRPUSDT,mmap,rings/binance_trade_chunk3,1,2129,2.5754,2.1,,,,1761685898160,0,1761685898207,,,
2025-10-28T21:11:38.207Z,XRPUSDT,mmap,rings/binance_trade_chunk3,1,2130,2.5754,2.1,,,,1761685898160,0,1761685898207,,,
2025-10-28T21:11:38.207Z,XRPUSDT,mmap,rings/binance_trade_chunk3,1,2131,2.5754,2.1,,,,1761685898160,0,1761685898207,,,
2025-10-28T21:11:38.208Z,XRPUSDT,mmap,rings/binance_trade_chunk3,1,2154,2.5755,77.6,,,,1761685898161,0,1761685898208,,,
2025-10-28T21:11:38.208Z,XRPUSDT,mmap,rings/binance_trade_chunk3,1,2155,2.5754,15.5,,,,1761685898161,0,1761685898208,,,
2025-10-28T21:11:38.209Z,XRPUSDT,mmap,rings/binance_trade_chunk3,1,2201,2.5754,6.7,,,,1761685898162,0,1761685898209,,,
2025-10-28T21:11:38.263Z,XRPUSDT,mmap,rings/binance_trade_chunk3,1,2210,2.5755,2,,,,1761685898221,0,1761685898263,,,
2025-10-28T21:11:38.263Z,XRPUSDT,mmap,rings/binance_trade_chunk3,1,2211,2.5755,0.7,,,,1761685898221,0,1761685898263,,,
2025-10-28T21:11:38.441Z,XRPUSDT,mmap,rings/binance_trade_chunk3,1,2237,2.5755,1.4,,,,1761685898431,0,1761685898441,,,
2025-10-28T21:11:38.441Z,XRPUSDT,mmap,rings/binance_trade_chunk3,1,2238,2.5755,2.1,,,,1761685898431,0,1761685898441,,,
2025-10-28T21:11:38.442Z,XRPUSDT,mmap,rings/binance_trade_chunk3,1,2239,2.5755,2,,,,1761685898432,0,1761685898442,,,
2025-10-28T21:11:38.442Z,XRPUSDT,mmap,rings/binance_trade_chunk3,1,2240,2.5755,2,,,,1761685898432,0,1761685898442,,,
2025-10-28T21:11:38.442Z,XRPUSDT,mmap,rings/binance_trade_chunk3,1,2241,2.5755,2,,,,1761685898432,0,1761685898442,,,
2025-10-28T21:11:38.442Z,XRPUSDT,mmap,rings/binance_trade_chunk3,1,2242,2.5755,2,,,,1761685898432,0,1761685898442,,,
2025-10-28T21:11:38.442Z,XRPUSDT,mmap,rings/binance_trade_chunk3,1,2243,2.5755,5.8,,,,1761685898432,0,1761685898442,,,
2025-10-28T21:11:38.442Z,XRPUSDT,mmap,rings/binance_trade_chunk3,1,2244,2.5755,2,,,,1761685898432,0,1761685898442,,,
2025-10-28T21:11:38.442Z,XRPUSDT,mmap,rings/binance_trade_chunk3,1,2245,2.5755,2.1,,,,1761685898432,0,1761685898442,,,
2025-10-28T21:11:38.442Z,XRPUSDT,mmap,rings/binance_trade_chunk3,1,2246,2.5755,2,,,,1761685898432,0,1761685898442,,,
2025-10-28T21:11:38.442Z,XRPUSDT,mmap,rings/binance_trade_chunk3,1,2247,2.5756,2,,,,1761685898432,0,1761685898442,,,
2025-10-28T21:11:38.442Z,XRPUSDT,mmap,rings/binance_trade_chunk3,1,2248,2.5756,2.1,,,,1761685898432,0,1761685898442,,,
2025-10-28T21:11:38.442Z,XRPUSDT,mmap,rings/binance_trade_chunk3,1,2249,2.5756,2,,,,1761685898432,0,1761685898442,,,
2025-10-28T21:11:38.442Z,XRPUSDT,mmap,rings/binance_trade_chunk3,1,2250,2.5756,2.1,,,,1761685898432,0,1761685898442,,,
2025-10-28T21:11:38.443Z,XRPUSDT,mmap,rings/binance_trade_chunk3,1,2251,2.5756,2.1,,,,1761685898432,0,1761685898442,,,
2025-10-28T21:11:38.443Z,XRPUSDT,mmap,rings/binance_trade_chunk3,1,2259,2.5756,6.8,,,,1761685898432,0,1761685898443,,,
2025-10-28T21:11:38.505Z,XRPUSDT,mmap,rings/binance_trade_chunk3,1,2298,2.5756,6.6,,,,1761685898495,0,1761685898504,,,
2025-10-28T21:11:38.558Z,XRPUSDT,mmap,rings/binance_trade_chunk3,1,2301,2.5757,2,,,,1761685898545,0,1761685898558,,,
2025-10-28T21:11:38.558Z,XRPUSDT,mmap,rings/binance_trade_chunk3,1,2302,2.5757,2551.4,,,,1761685898546,0,1761685898558,,,
2025-10-28T21:11:38.715Z,XRPUSDT,mmap,rings/binance_trade_chunk3,1,2314,2.5756,1537.1,,,,1761685898705,0,1761685898715,,,
2025-10-28T21:11:38.715Z,XRPUSDT,mmap,rings/binance_trade_chunk3,1,2315,2.5756,2,,,,1761685898705,0,1761685898715,,,
2025-10-28T21:11:38.715Z,XRPUSDT,mmap,rings/binance_trade_chunk3,1,2316,2.5756,2,,,,1761685898705,0,1761685898715,,,
2025-10-28T21:11:38.715Z,XRPUSDT,mmap,rings/binance_trade_chunk3,1,2317,2.5756,2,,,,1761685898705,0,1761685898715,,,
2025-10-28T21:11:38.715Z,XRPUSDT,mmap,rings/binance_trade_chunk3,1,2318,2.5756,2,,,,1761685898705,0,1761685898715,,,
2025-10-28T21:11:38.715Z,XRPUSDT,mmap,rings/binance_trade_chunk3,1,2319,2.5756,406.4,,,,1761685898705,0,1761685898715,,,
2025-10-28T21:11:38.716Z,XRPUSDT,mmap,rings/binance_trade_chunk3,1,2346,2.5756,12.3,,,,1761685898706,0,1761685898716,,,
2025-10-28T21:11:38.716Z,XRPUSDT,mmap,rings/binance_trade_chunk3,1,2347,2.5756,2.1,,,,1761685898706,0,1761685898716,,,
2025-10-28T21:11:38.717Z,XRPUSDT,mmap,rings/binance_trade_chunk3,1,2348,2.5756,2.1,,,,1761685898706,0,1761685898717,,,
2025-10-28T21:11:38.717Z,XRPUSDT,mmap,rings/binance_trade_chunk3,1,2349,2.5756,2,,,,1761685898706,0,1761685898717,,,
2025-10-28T21:11:38.717Z,XRPUSDT,mmap,rings/binance_trade_chunk3,1,2350,2.5756,2,,,,1761685898706,0,1761685898717,,,
2025-10-28T21:11:38.717Z,XRPUSDT,mmap,rings/binance_trade_chunk3,1,2351,2.5756,2,,,,1761685898706,0,1761685898717,,,
2025-10-28T21:11:38.717Z,XRPUSDT,mmap,rings/binance_trade_chunk3,1,2352,2.5756,2,,,,1761685898706,0,1761685898717,,,
2025-10-28T21:11:38.717Z,XRPUSDT,mmap,rings/binance_trade_chunk3,1,2359,2.5756,2.1,,,,1761685898710,0,1761685898717,,,
2025-10-28T21:11:38.717Z,XRPUSDT,mmap,rings/binance_trade_chunk3,1,2360,2.5756,2,,,,1761685898711,0,1761685898717,,,
2025-10-28T21:11:38.717Z,XRPUSDT,mmap,rings/binance_trade_chunk3,1,2361,2.5756,2.1,,,,1761685898711,0,1761685898717,,,
2025-10-28T21:11:38.717Z,XRPUSDT,mmap,rings/binance_trade_chunk3,1,2362,2.5756,2,,,,1761685898711,0,1761685898717,,,
2025-10-28T21:11:38.718Z,XRPUSDT,mmap,rings/binance_trade_chunk3,1,2363,2.5756,2,,,,1761685898711,0,1761685898717,,,
2025-10-28T21:11:38.718Z,XRPUSDT,mmap,rings/binance_trade_chunk3,1,2364,2.5756,2,,,,1761685898711,0,1761685898718,,,
2025-10-28T21:11:38.718Z,XRPUSDT,mmap,rings/binance_trade_chunk3,1,2365,2.5756,2,,,,1761685898711,0,1761685898718,,,
2025-10-28T21:11:38.718Z,XRPUSDT,mmap,rings/binance_trade_chunk3,1,2366,2.5756,2.1,,,,1761685898711,0,1761685898718,,,
2025-10-28T21:11:38.718Z,XRPUSDT,mmap,rings/binance_trade_chunk3,1,2367,2.5756,2,,,,1761685898711,0,1761685898718,,,
2025-10-28T21:11:38.718Z,XRPUSDT,mmap,rings/binance_trade_chunk3,1,2372,2.5755,2,,,,1761685898711,0,1761685898718,,,
2025-10-28T21:11:38.718Z,XRPUSDT,mmap,rings/binance_trade_chunk3,1,2373,2.5755,2,,,,1761685898711,0,1761685898718,,,
2025-10-28T21:11:38.718Z,XRPUSDT,mmap,rings/binance_trade_chunk3,1,2374,2.5755,2.1,,,,1761685898711,0,1761685898718,,,
2025-10-28T21:11:38.718Z,XRPUSDT,mmap,rings/binance_trade_chunk3,1,2375,2.5755,2.1,,,,1761685898711,0,1761685898718,,,
2025-10-28T21:11:38.718Z,XRPUSDT,mmap,rings/binance_trade_chunk3,1,2376,2.5755,2.1,,,,1761685898711,0,1761685898718,,,
2025-10-28T21:11:38.771Z,XRPUSDT,mmap,rings/binance_trade_chunk3,1,2377,2.5754,2,,,,1761685898763,0,1761685898771,,,
2025-10-28T21:11:38.771Z,XRPUSDT,mmap,rings/binance_trade_chunk3,1,2378,2.5754,2,,,,1761685898763,0,1761685898771,,,
2025-10-28T21:11:38.771Z,XRPUSDT,mmap,rings/binance_trade_chunk3,1,2379,2.5754,2.1,,,,1761685898763,0,1761685898771,,,
2025-10-28T21:11:38.771Z,XRPUSDT,mmap,rings/binance_trade_chunk3,1,2380,2.5754,2.1,,,,1761685898763,0,1761685898771,,,
2025-10-28T21:11:38.771Z,XRPUSDT,mmap,rings/binance_trade_chunk3,1,2381,2.5754,2.1,,,,1761685898763,0,1761685898771,,,
2025-10-28T21:11:38.982Z,XRPUSDT,mmap,rings/binance_trade_chunk3,1,2409,2.5753,2,,,,1761685898977,0,1761685898982,,,
2025-10-28T21:11:38.982Z,XRPUSDT,mmap,rings/binance_trade_chunk3,1,2410,2.5753,2.1,,,,1761685898977,0,1761685898982,,,
2025-10-28T21:11:38.982Z,XRPUSDT,mmap,rings/binance_trade_chunk3,1,2411,2.5753,2.1,,,,1761685898977,0,1761685898982,,,
2025-10-28T21:11:38.982Z,XRPUSDT,mmap,rings/binance_trade_chunk3,1,2412,2.5753,2,,,,1761685898977,0,1761685898982,,,
2025-10-28T21:11:38.982Z,XRPUSDT,mmap,rings/binance_trade_chunk3,1,2413,2.5753,2,,,,1761685898977,0,1761685898982,,,
2025-10-28T21:11:38.982Z,XRPUSDT,mmap,rings/binance_trade_chunk3,1,2414,2.5753,2,,,,1761685898977,0,1761685898982,,,
2025-10-28T21:11:38.982Z,XRPUSDT,mmap,rings/binance_trade_chunk3,1,2415,2.5753,2,,,,1761685898977,0,1761685898982,,,
2025-10-28T21:11:38.982Z,XRPUSDT,mmap,rings/binance_trade_chunk3,1,2416,2.5753,2.1,,,,1761685898977,0,1761685898982,,,
2025-10-28T21:11:38.982Z,XRPUSDT,mmap,rings/binance_trade_chunk3,1,2417,2.5753,2,,,,1761685898977,0,1761685898982,,,
2025-10-28T21:11:38.982Z,XRPUSDT,mmap,rings/binance_trade_chunk3,1,2418,2.5752,2,,,,1761685898977,0,1761685898982,,,
2025-10-28T21:11:38.982Z,XRPUSDT,mmap,rings/binance_trade_chunk3,1,2419,2.5752,2,,,,1761685898977,0,1761685898982,,,
2025-10-28T21:11:38.983Z,XRPUSDT,mmap,rings/binance_trade_chunk3,1,2420,2.5752,2,,,,1761685898977,0,1761685898983,,,
2025-10-28T21:11:38.983Z,XRPUSDT,mmap,rings/binance_trade_chunk3,1,2421,2.5752,2.1,,,,1761685898977,0,1761685898983,,,
2025-10-28T21:11:38.983Z,XRPUSDT,mmap,rings/binance_trade_chunk3,1,2422,2.5752,2.1,,,,1761685898977,0,1761685898983,,,
2025-10-28T21:11:38.983Z,XRPUSDT,mmap,rings/binance_trade_chunk3,1,2423,2.5752,2.1,,,,1761685898977,0,1761685898983,,,
2025-10-28T21:11:38.983Z,XRPUSDT,mmap,rings/binance_trade_chunk3,1,2424,2.5751,2,,,,1761685898977,0,1761685898983,,,
2025-10-28T21:11:38.983Z,XRPUSDT,mmap,rings/binance_trade_chunk3,1,2425,2.5751,3,,,,1761685898977,0,1761685898983,,,
2025-10-28T21:11:38.983Z,XRPUSDT,mmap,rings/binance_trade_chunk3,1,2426,2.5751,2.1,,,,1761685898977,0,1761685898983,,,
2025-10-28T21:11:38.983Z,XRPUSDT,mmap,rings/binance_trade_chunk3,1,2427,2.5751,2.1,,,,1761685898977,0,1761685898983,,,
2025-10-28T21:11:38.983Z,XRPUSDT,mmap,rings/binance_trade_chunk3,1,2428,2.5751,2,,,,1761685898977,0,1761685898983,,,
2025-10-28T21:11:38.983Z,XRPUSDT,mmap,rings/binance_trade_chunk3,1,2429,2.5751,2.1,,,,1761685898977,0,1761685898983,,,
2025-10-28T21:11:38.984Z,XRPUSDT,mmap,rings/binance_trade_chunk3,1,2437,2.575,60.3,,,,1761685898978,0,1761685898984,,,
2025-10-28T21:11:38.984Z,XRPUSDT,mmap,rings/binance_trade_chunk3,1,2448,2.575,335.9,,,,1761685898978,0,1761685898984,,,
2025-10-28T21:11:39.260Z,XRPUSDT,mmap,rings/binance_trade_chunk3,1,2539,2.575,2,,,,1761685899250,0,1761685899260,,,
2025-10-28T21:11:39.261Z,XRPUSDT,mmap,rings/binance_trade_chunk3,1,2540,2.575,0.4,,,,1761685899250,0,1761685899260,,,
2025-10-28T21:11:39.631Z,XRPUSDT,mmap,rings/binance_trade_chunk3,1,2667,2.575,1.6,,,,1761685899595,0,1761685899630,,,
2025-10-28T21:11:39.631Z,XRPUSDT,mmap,rings/binance_trade_chunk3,1,2668,2.575,2,,,,1761685899595,0,1761685899631,,,
2025-10-28T21:11:39.631Z,XRPUSDT,mmap,rings/binance_trade_chunk3,1,2669,2.575,2,,,,1761685899595,0,1761685899631,,,
2025-10-28T21:11:39.631Z,XRPUSDT,mmap,rings/binance_trade_chunk3,1,2670,2.575,2.1,,,,1761685899595,0,1761685899631,,,
2025-10-28T21:11:39.631Z,XRPUSDT,mmap,rings/binance_trade_chunk3,1,2671,2.575,2.1,,,,1761685899595,0,1761685899631,,,
2025-10-28T21:11:39.631Z,XRPUSDT,mmap,rings/binance_trade_chunk3,1,2672,2.575,23,,,,1761685899595,0,1761685899631,,,
2025-10-28T21:11:39.739Z,XRPUSDT,mmap,rings/binance_trade_chunk3,1,2681,2.575,2,,,,1761685899728,0,1761685899739,,,
2025-10-28T21:11:39.740Z,XRPUSDT,mmap,rings/binance_trade_chunk3,1,2682,2.575,550,,,,1761685899728,0,1761685899739,,,
2025-10-28T21:11:39.740Z,XRPUSDT,mmap,rings/binance_trade_chunk3,1,2683,2.575,2,,,,1761685899728,0,1761685899740,,,
2025-10-28T21:11:39.740Z,XRPUSDT,mmap,rings/binance_trade_chunk3,1,2684,2.575,2.1,,,,1761685899728,0,1761685899740,,,
2025-10-28T21:11:39.740Z,XRPUSDT,mmap,rings/binance_trade_chunk3,1,2685,2.575,2.1,,,,1761685899728,0,1761685899740,,,
2025-10-28T21:11:39.740Z,XRPUSDT,mmap,rings/binance_trade_chunk3,1,2686,2.575,2,,,,1761685899728,0,1761685899740,,,
2025-10-28T21:11:39.740Z,XRPUSDT,mmap,rings/binance_trade_chunk3,1,2687,2.575,2,,,,1761685899728,0,1761685899740,,,
2025-10-28T21:11:39.740Z,XRPUSDT,mmap,rings/binance_trade_chunk3,1,2688,2.575,2.1,,,,1761685899728,0,1761685899740,,,
2025-10-28T21:11:39.794Z,XRPUSDT,mmap,rings/binance_trade_chunk3,1,2726,2.5749,2.4,,,,1761685899788,0,1761685899794,,,
2025-10-28T21:11:39.794Z,XRPUSDT,mmap,rings/binance_trade_chunk3,1,2727,2.5749,2.2,,,,1761685899788,0,1761685899794,,,
2025-10-28T21:11:39.794Z,XRPUSDT,mmap,rings/binance_trade_chunk3,1,2728,2.5749,2,,,,1761685899788,0,1761685899794,,,
2025-10-28T21:11:39.794Z,XRPUSDT,mmap,rings/binance_trade_chunk3,1,2729,2.5749,96.8,,,,1761685899788,0,1761685899794,,,
2025-10-28T21:11:39.794Z,XRPUSDT,mmap,rings/binance_trade_chunk3,1,2730,2.5749,2.1,,,,1761685899788,0,1761685899794,,,
2025-10-28T21:11:39.794Z,XRPUSDT,mmap,rings/binance_trade_chunk3,1,2731,2.5749,2.1,,,,1761685899788,0,1761685899794,,,
2025-10-28T21:11:39.794Z,XRPUSDT,mmap,rings/binance_trade_chunk3,1,2732,2.5749,2,,,,1761685899788,0,1761685899794,,,
2025-10-28T21:11:39.795Z,XRPUSDT,mmap,rings/binance_trade_chunk3,1,2733,2.5749,2,,,,1761685899788,0,1761685899795,,,
2025-10-28T21:11:39.795Z,XRPUSDT,mmap,rings/binance_trade_chunk3,1,2734,2.5749,2,,,,1761685899788,0,1761685899795,,,
2025-10-28T21:11:39.795Z,XRPUSDT,mmap,rings/binance_trade_chunk3,1,2735,2.5749,194.1,,,,1761685899788,0,1761685899795,,,
2025-10-28T21:11:39.795Z,XRPUSDT,mmap,rings/binance_trade_chunk3,1,2736,2.5749,2.1,,,,1761685899788,0,1761685899795,,,
2025-10-28T21:11:39.795Z,XRPUSDT,mmap,rings/binance_trade_chunk3,1,2737,2.5749,2,,,,1761685899788,0,1761685899795,,,
2025-10-28T21:11:39.795Z,XRPUSDT,mmap,rings/binance_trade_chunk3,1,2738,2.5748,2,,,,1761685899788,0,1761685899795,,,
2025-10-28T21:11:39.795Z,XRPUSDT,mmap,rings/binance_trade_chunk3,1,2739,2.5748,3,,,,1761685899788,0,1761685899795,,,
2025-10-28T21:11:39.795Z,XRPUSDT,mmap,rings/binance_trade_chunk3,1,2740,2.5748,2,,,,1761685899788,0,1761685899795,,,
2025-10-28T21:11:39.795Z,XRPUSDT,mmap,rings/binance_trade_chunk3,1,2741,2.5748,2.1,,,,1761685899788,0,1761685899795,,,
2025-10-28T21:11:39.795Z,XRPUSDT,mmap,rings/binance_trade_chunk3,1,2742,2.5748,2.1,,,,1761685899788,0,1761685899795,,,
2025-10-28T21:11:39.795Z,XRPUSDT,mmap,rings/binance_trade_chunk3,1,2743,2.5748,2.1,,,,1761685899788,0,1761685899795,,,
2025-10-28T21:11:39.795Z,XRPUSDT,mmap,rings/binance_trade_chunk3,1,2746,2.5747,40,,,,1761685899788,0,1761685899795,,,
2025-10-28T21:11:39.795Z,XRPUSDT,mmap,rings/binance_trade_chunk3,1,2747,2.5747,2,,,,1761685899788,0,1761685899795,,,
2025-10-28T21:11:39.796Z,XRPUSDT,mmap,rings/binance_trade_chunk3,1,2748,2.5747,2.1,,,,1761685899788,0,1761685899796,,,
2025-10-28T21:11:39.796Z,XRPUSDT,mmap,rings/binance_trade_chunk3,1,2749,2.5747,2.1,,,,1761685899788,0,1761685899796,,,
2025-10-28T21:11:39.796Z,XRPUSDT,mmap,rings/binance_trade_chunk3,1,2750,2.5747,629.9,,,,1761685899788,0,1761685899796,,,
2025-10-28T21:11:39.796Z,XRPUSDT,mmap,rings/binance_trade_chunk3,1,2752,2.5747,54.7,,,,1761685899789,0,1761685899796,,,
2025-10-28T21:11:39.904Z,XRPUSDT,mmap,rings/binance_trade_chunk3,1,2772,2.5748,2,,,,1761685899865,0,1761685899904,,,
2025-10-28T21:11:39.904Z,XRPUSDT,mmap,rings/binance_trade_chunk3,1,2773,2.5748,2,,,,1761685899865,0,1761685899904,,,
2025-10-28T21:11:39.904Z,XRPUSDT,mmap,rings/binance_trade_chunk3,1,2774,2.5748,2.1,,,,1761685899865,0,1761685899904,,,
2025-10-28T21:11:39.904Z,XRPUSDT,mmap,rings/binance_trade_chunk3,1,2775,2.5748,2.1,,,,1761685899865,0,1761685899904,,,
2025-10-28T21:11:39.904Z,XRPUSDT,mmap,rings/binance_trade_chunk3,1,2776,2.5748,0.8,,,,1761685899865,0,1761685899904,,,
2025-10-28T21:11:40.062Z,XRPUSDT,mmap,rings/binance_trade_chunk3,1,2835,2.5747,2,,,,1761685900056,0,1761685900062,,,
2025-10-28T21:11:40.062Z,XRPUSDT,mmap,rings/binance_trade_chunk3,1,2836,2.5747,2,,,,1761685900056,0,1761685900062,,,
2025-10-28T21:11:40.062Z,XRPUSDT,mmap,rings/binance_trade_chunk3,1,2837,2.5747,2,,,,1761685900056,0,1761685900062,,,
2025-10-28T21:11:40.062Z,XRPUSDT,mmap,rings/binance_trade_chunk3,1,2838,2.5747,2,,,,1761685900056,0,1761685900062,,,
2025-10-28T21:11:40.062Z,XRPUSDT,mmap,rings/binance_trade_chunk3,1,2839,2.5747,38.5,,,,1761685900056,0,1761685900062,,,
2025-10-28T21:11:40.271Z,XRPUSDT,mmap,rings/binance_trade_chunk3,1,2885,2.5748,3.4,,,,1761685900230,0,1761685900271,,,
2025-10-28T21:11:40.271Z,XRPUSDT,mmap,rings/binance_trade_chunk3,1,2886,2.5748,2,,,,1761685900230,0,1761685900271,,,
2025-10-28T21:11:40.271Z,XRPUSDT,mmap,rings/binance_trade_chunk3,1,2887,2.5748,2,,,,1761685900230,0,1761685900271,,,
2025-10-28T21:11:40.271Z,XRPUSDT,mmap,rings/binance_trade_chunk3,1,2888,2.5748,12.1,,,,1761685900230,0,1761685900271,,,
2025-10-28T21:11:40.376Z,XRPUSDT,mmap,rings/binance_trade_chunk3,1,2903,2.5748,10,,,,1761685900324,0,1761685900376,,,
2025-10-28T21:11:40.640Z,XRPUSDT,mmap,rings/binance_trade_chunk3,1,2947,2.5748,22.1,,,,1761685900592,0,1761685900640,,,
2025-10-28T21:11:40.640Z,XRPUSDT,mmap,rings/binance_trade_chunk3,1,2955,2.5748,39.5,,,,1761685900633,0,1761685900640,,,
2025-10-28T21:11:41.062Z,XRPUSDT,mmap,rings/binance_trade_chunk3,1,2989,2.5747,199.8,,,,1761685901060,0,1761685901062,,,
2025-10-28T21:11:41.532Z,XRPUSDT,mmap,rings/binance_trade_chunk3,1,3020,2.5747,2.1,,,,1761685901496,0,1761685901531,,,
2025-10-28T21:11:41.532Z,XRPUSDT,mmap,rings/binance_trade_chunk3,1,3021,2.5747,2.1,,,,1761685901496,0,1761685901532,,,
2025-10-28T21:11:41.532Z,XRPUSDT,mmap,rings/binance_trade_chunk3,1,3022,2.5747,2,,,,1761685901496,0,1761685901532,,,
2025-10-28T21:11:41.532Z,XRPUSDT,mmap,rings/binance_trade_chunk3,1,3023,2.5747,2,,,,1761685901496,0,1761685901532,,,
2025-10-28T21:11:41.532Z,XRPUSDT,mmap,rings/binance_trade_chunk3,1,3024,2.5747,2,,,,1761685901496,0,1761685901532,,,
2025-10-28T21:11:41.532Z,XRPUSDT,mmap,rings/binance_trade_chunk3,1,3025,2.5747,2,,,,1761685901496,0,1761685901532,,,
2025-10-28T21:11:41.532Z,XRPUSDT,mmap,rings/binance_trade_chunk3,1,3026,2.5747,2,,,,1761685901496,0,1761685901532,,,
2025-10-28T21:11:41.532Z,XRPUSDT,mmap,rings/binance_trade_chunk3,1,3027,2.5747,2,,,,1761685901496,0,1761685901532,,,
2025-10-28T21:11:41.532Z,XRPUSDT,mmap,rings/binance_trade_chunk3,1,3028,2.5747,2,,,,1761685901496,0,1761685901532,,,
2025-10-28T21:11:41.532Z,XRPUSDT,mmap,rings/binance_trade_chunk3,1,3029,2.5747,38,,,,1761685901496,0,1761685901532,,,
2025-10-28T21:11:42.012Z,XRPUSDT,mmap,rings/binance_trade_chunk3,1,3160,2.5747,46.1,,,,1761685901967,0,1761685902012,,,
2025-10-28T21:11:42.072Z,XRPUSDT,mmap,rings/binance_trade_chunk3,1,3175,2.5747,379.8,,,,1761685902057,0,1761685902072,,,
2025-10-28T21:11:42.130Z,XRPUSDT,mmap,rings/binance_trade_chunk3,1,3203,2.5747,84.4,,,,1761685902122,0,1761685902129,,,
2025-10-28T21:11:42.130Z,XRPUSDT,mmap,rings/binance_trade_chunk3,1,3204,2.5747,2,,,,1761685902122,0,1761685902130,,,
2025-10-28T21:11:42.130Z,XRPUSDT,mmap,rings/binance_trade_chunk3,1,3205,2.5747,2,,,,1761685902122,0,1761685902130,,,
2025-10-28T21:11:42.130Z,XRPUSDT,mmap,rings/binance_trade_chunk3,1,3206,2.5747,2,,,,1761685902122,0,1761685902130,,,
2025-10-28T21:11:42.130Z,XRPUSDT,mmap,rings/binance_trade_chunk3,1,3207,2.5747,2,,,,1761685902122,0,1761685902130,,,
2025-10-28T21:11:42.130Z,XRPUSDT,mmap,rings/binance_trade_chunk3,1,3208,2.5747,2.1,,,,1761685902122,0,1761685902130,,,
2025-10-28T21:11:42.130Z,XRPUSDT,mmap,rings/binance_trade_chunk3,1,3209,2.5747,2.1,,,,1761685902122,0,1761685902130,,,
2025-10-28T21:11:42.182Z,XRPUSDT,mmap,rings/binance_trade_chunk3,1,3218,2.5747,2,,,,1761685902139,0,1761685902182,,,
2025-10-28T21:11:42.182Z,XRPUSDT,mmap,rings/binance_trade_chunk3,1,3219,2.5747,2.1,,,,1761685902139,0,1761685902182,,,
2025-10-28T21:11:42.182Z,XRPUSDT,mmap,rings/binance_trade_chunk3,1,3220,2.5747,375.7,,,,1761685902139,0,1761685902182,,,
2025-10-28T21:11:42.451Z,XRPUSDT,mmap,rings/binance_trade_chunk3,1,3246,2.5748,378.5,,,,1761685902442,0,1761685902451,,,
2025-10-28T21:11:42.609Z,XRPUSDT,mmap,rings/binance_trade_chunk3,1,3264,2.5747,30,,,,1761685902585,0,1761685902609,,,
2025-10-28T21:11:43.396Z,XRPUSDT,mmap,rings/binance_trade_chunk3,1,3384,2.5748,12,,,,1761685903387,0,1761685903395,,,
2025-10-28T21:11:43.450Z,XRPUSDT,mmap,rings/binance_trade_chunk3,1,3390,2.5747,143.5,,,,1761685903445,0,1761685903450,,,
2025-10-28T21:11:43.450Z,XRPUSDT,mmap,rings/binance_trade_chunk3,1,3391,2.5747,2.1,,,,1761685903445,0,1761685903450,,,
2025-10-28T21:11:43.450Z,XRPUSDT,mmap,rings/binance_trade_chunk3,1,3392,2.5747,2,,,,1761685903445,0,1761685903450,,,
2025-10-28T21:11:43.450Z,XRPUSDT,mmap,rings/binance_trade_chunk3,1,3393,2.5747,2,,,,1761685903445,0,1761685903450,,,
2025-10-28T21:11:43.450Z,XRPUSDT,mmap,rings/binance_trade_chunk3,1,3394,2.5747,2,,,,1761685903445,0,1761685903450,,,
2025-10-28T21:11:43.450Z,XRPUSDT,mmap,rings/binance_trade_chunk3,1,3395,2.5747,2.1,,,,1761685903445,0,1761685903450,,,
2025-10-28T21:11:43.450Z,XRPUSDT,mmap,rings/binance_trade_chunk3,1,3396,2.5747,2,,,,1761685903445,0,1761685903450,,,
2025-10-28T21:11:43.716Z,XRPUSDT,mmap,rings/binance_trade_chunk3,1,3429,2.5748,569.4,,,,1761685903683,0,1761685903716,,,
2025-10-28T21:11:43.823Z,XRPUSDT,mmap,rings/binance_trade_chunk3,1,3438,2.5747,2.1,,,,1761685903804,0,1761685903822,,,
2025-10-28T21:11:43.823Z,XRPUSDT,mmap,rings/binance_trade_chunk3,1,3439,2.5747,2,,,,1761685903804,0,1761685903823,,,
2025-10-28T21:11:43.823Z,XRPUSDT,mmap,rings/binance_trade_chunk3,1,3440,2.5747,35.3,,,,1761685903804,0,1761685903823,,,
2025-10-28T21:11:43.928Z,XRPUSDT,mmap,rings/binance_trade_chunk3,1,3446,2.5747,379.8,,,,1761685903896,0,1761685903928,,,
2025-10-28T21:11:43.928Z,XRPUSDT,mmap,rings/binance_trade_chunk3,1,3448,2.5747,133.2,,,,1761685903915,0,1761685903928,,,
2025-10-28T21:11:43.929Z,XRPUSDT,mmap,rings/binance_trade_chunk3,1,3449,2.5747,2.1,,,,1761685903915,0,1761685903928,,,
2025-10-28T21:11:43.929Z,XRPUSDT,mmap,rings/binance_trade_chunk3,1,3450,2.5747,2,,,,1761685903915,0,1761685903929,,,
2025-10-28T21:11:43.929Z,XRPUSDT,mmap,rings/binance_trade_chunk3,1,3451,2.5747,2,,,,1761685903915,0,1761685903929,,,
2025-10-28T21:11:43.929Z,XRPUSDT,mmap,rings/binance_trade_chunk3,1,3452,2.5747,2,,,,1761685903915,0,1761685903929,,,
2025-10-28T21:11:43.929Z,XRPUSDT,mmap,rings/binance_trade_chunk3,1,3453,2.5747,156,,,,1761685903915,0,1761685903929,,,
2025-10-28T21:11:43.929Z,XRPUSDT,mmap,rings/binance_trade_chunk3,1,3454,2.5747,2.1,,,,1761685903915,0,1761685903929,,,
2025-10-28T21:11:43.929Z,XRPUSDT,mmap,rings/binance_trade_chunk3,1,3455,2.5747,2,,,,1761685903915,0,1761685903929,,,
2025-10-28T21:11:43.929Z,XRPUSDT,mmap,rings/binance_trade_chunk3,1,3456,2.5747,2.1,,,,1761685903915,0,1761685903929,,,
2025-10-28T21:11:43.929Z,XRPUSDT,mmap,rings/binance_trade_chunk3,1,3457,2.5747,2,,,,1761685903915,0,1761685903929,,,
2025-10-28T21:11:43.982Z,XRPUSDT,mmap,rings/binance_trade_chunk3,1,3461,2.5746,2.4,,,,1761685903959,0,1761685903982,,,
2025-10-28T21:11:43.983Z,XRPUSDT,mmap,rings/binance_trade_chunk3,1,3462,2.5746,2,,,,1761685903959,0,1761685903982,,,
2025-10-28T21:11:43.983Z,XRPUSDT,mmap,rings/binance_trade_chunk3,1,3463,2.5746,2.1,,,,1761685903959,0,1761685903983,,,
2025-10-28T21:11:43.983Z,XRPUSDT,mmap,rings/binance_trade_chunk3,1,3464,2.5746,2.1,,,,1761685903959,0,1761685903983,,,
2025-10-28T21:11:43.983Z,XRPUSDT,mmap,rings/binance_trade_chunk3,1,3465,2.5746,445.5,,,,1761685903959,0,1761685903983,,,
2025-10-28T21:11:44.088Z,XRPUSDT,mmap,rings/binance_trade_chunk3,1,3468,2.5747,3.8,,,,1761685904043,0,1761685904088,,,
2025-10-28T21:11:44.768Z,XRPUSDT,mmap,rings/binance_trade_chunk3,1,3509,2.5746,2,,,,1761685904722,0,1761685904767,,,
2025-10-28T21:11:44.768Z,XRPUSDT,mmap,rings/binance_trade_chunk3,1,3510,2.5746,2,,,,1761685904722,0,1761685904768,,,
2025-10-28T21:11:44.768Z,XRPUSDT,mmap,rings/binance_trade_chunk3,1,3511,2.5746,2,,,,1761685904722,0,1761685904768,,,
2025-10-28T21:11:44.768Z,XRPUSDT,mmap,rings/binance_trade_chunk3,1,3512,2.5746,2.1,,,,1761685904722,0,1761685904768,,,
2025-10-28T21:11:44.768Z,XRPUSDT,mmap,rings/binance_trade_chunk3,1,3513,2.5746,2.1,,,,1761685904722,0,1761685904768,,,
2025-10-28T21:11:44.768Z,XRPUSDT,mmap,rings/binance_trade_chunk3,1,3514,2.5746,2,,,,1761685904723,0,1761685904768,,,
2025-10-28T21:11:44.768Z,XRPUSDT,mmap,rings/binance_trade_chunk3,1,3515,2.5746,265,,,,1761685904723,0,1761685904768,,,
2025-10-28T21:11:45.191Z,XRPUSDT,mmap,rings/binance_trade_chunk3,1,3550,2.5746,282.9,,,,1761685905171,0,1761685905191,,,
2025-10-28T21:11:45.191Z,XRPUSDT,mmap,rings/binance_trade_chunk3,1,3551,2.5746,2,,,,1761685905171,0,1761685905191,,,
2025-10-28T21:11:45.191Z,XRPUSDT,mmap,rings/binance_trade_chunk3,1,3552,2.5746,2.1,,,,1761685905171,0,1761685905191,,,
2025-10-28T21:11:45.191Z,XRPUSDT,mmap,rings/binance_trade_chunk3,1,3553,2.5746,2.1,,,,1761685905171,0,1761685905191,,,
2025-10-28T21:11:45.191Z,XRPUSDT,mmap,rings/binance_trade_chunk3,1,3554,2.5746,2,,,,1761685905171,0,1761685905191,,,
2025-10-28T21:11:45.192Z,XRPUSDT,mmap,rings/binance_trade_chunk3,1,3555,2.5746,2,,,,1761685905171,0,1761685905191,,,
2025-10-28T21:11:45.192Z,XRPUSDT,mmap,rings/binance_trade_chunk3,1,3556,2.5746,2,,,,1761685905171,0,1761685905192,,,
2025-10-28T21:11:45.192Z,XRPUSDT,mmap,rings/binance_trade_chunk3,1,3580,2.5746,2.1,,,,1761685905185,0,1761685905192,,,
2025-10-28T21:11:45.193Z,XRPUSDT,mmap,rings/binance_trade_chunk3,1,3581,2.5746,377.7,,,,1761685905185,0,1761685905193,,,
2025-10-28T21:11:45.193Z,XRPUSDT,mmap,rings/binance_trade_chunk3,1,3582,2.5746,170,,,,1761685905186,0,1761685905193,,,
2025-10-28T21:11:45.193Z,XRPUSDT,mmap,rings/binance_trade_chunk3,1,3583,2.5746,2.1,,,,1761685905187,0,1761685905193,,,
2025-10-28T21:11:45.193Z,XRPUSDT,mmap,rings/binance_trade_chunk3,1,3584,2.5746,2,,,,1761685905187,0,1761685905193,,,
2025-10-28T21:11:45.193Z,XRPUSDT,mmap,rings/binance_trade_chunk3,1,3585,2.5746,2,,,,1761685905187,0,1761685905193,,,
2025-10-28T21:11:45.193Z,XRPUSDT,mmap,rings/binance_trade_chunk3,1,3586,2.5746,2,,,,1761685905187,0,1761685905193,,,
2025-10-28T21:11:45.193Z,XRPUSDT,mmap,rings/binance_trade_chunk3,1,3587,2.5746,2,,,,1761685905187,0,1761685905193,,,
2025-10-28T21:11:45.193Z,XRPUSDT,mmap,rings/binance_trade_chunk3,1,3588,2.5746,2,,,,1761685905187,0,1761685905193,,,
2025-10-28T21:11:45.193Z,XRPUSDT,mmap,rings/binance_trade_chunk3,1,3589,2.5746,2.1,,,,1761685905187,0,1761685905193,,,
2025-10-28T21:11:45.193Z,XRPUSDT,mmap,rings/binance_trade_chunk3,1,3590,2.5746,2,,,,1761685905187,0,1761685905193,,,
2025-10-28T21:11:45.300Z,XRPUSDT,mmap,rings/binance_trade_chunk3,1,3607,2.5745,40,,,,1761685905254,0,1761685905300,,,
2025-10-28T21:11:45.301Z,XRPUSDT,mmap,rings/binance_trade_chunk3,1,3608,2.5745,2,,,,1761685905254,0,1761685905301,,,
2025-10-28T21:11:45.301Z,XRPUSDT,mmap,rings/binance_trade_chunk3,1,3609,2.5745,2.1,,,,1761685905254,0,1761685905301,,,
2025-10-28T21:11:45.301Z,XRPUSDT,mmap,rings/binance_trade_chunk3,1,3610,2.5745,2.1,,,,1761685905254,0,1761685905301,,,
2025-10-28T21:11:45.301Z,XRPUSDT,mmap,rings/binance_trade_chunk3,1,3611,2.5745,147.4,,,,1761685905254,0,1761685905301,,,
2025-10-28T21:11:45.625Z,XRPUSDT,mmap,rings/binance_trade_chunk3,1,3742,2.5746,17.1,,,,1761685905577,0,1761685905624,,,
2025-10-28T21:11:46.480Z,XRPUSDT,mmap,rings/binance_trade_chunk3,1,3917,2.5746,1543.7,,,,1761685906456,0,1761685906480,,,
2025-10-28T21:11:46.480Z,XRPUSDT,mmap,rings/binance_trade_chunk3,1,3918,2.5746,2,,,,1761685906456,0,1761685906480,,,
2025-10-28T21:11:46.480Z,XRPUSDT,mmap,rings/binance_trade_chunk3,1,3919,2.5746,2,,,,1761685906456,0,1761685906480,,,
2025-10-28T21:11:46.480Z,XRPUSDT,mmap,rings/binance_trade_chunk3,1,3920,2.5746,2,,,,1761685906456,0,1761685906480,,,
2025-10-28T21:11:46.480Z,XRPUSDT,mmap,rings/binance_trade_chunk3,1,3921,2.5746,2,,,,1761685906456,0,1761685906480,,,
2025-10-28T21:11:46.480Z,XRPUSDT,mmap,rings/binance_trade_chunk3,1,3922,2.5746,2,,,,1761685906456,0,1761685906480,,,
2025-10-28T21:11:46.480Z,XRPUSDT,mmap,rings/binance_trade_chunk3,1,3923,2.5746,1926.1,,,,1761685906456,0,1761685906480,,,
2025-10-28T21:11:46.480Z,XRPUSDT,mmap,rings/binance_trade_chunk3,1,3924,2.5746,1926.1,,,,1761685906456,0,1761685906480,,,
2025-10-28T21:11:46.480Z,XRPUSDT,mmap,rings/binance_trade_chunk3,1,3925,2.5746,381.5,,,,1761685906456,0,1761685906480,,,
2025-10-28T21:11:46.480Z,XRPUSDT,mmap,rings/binance_trade_chunk3,1,3926,2.5746,2.1,,,,1761685906456,0,1761685906480,,,
2025-10-28T21:11:46.480Z,XRPUSDT,mmap,rings/binance_trade_chunk3,1,3927,2.5746,2.1,,,,1761685906456,0,1761685906480,,,
2025-10-28T21:11:46.481Z,XRPUSDT,mmap,rings/binance_trade_chunk3,1,3928,2.5746,2.7,,,,1761685906456,0,1761685906481,,,
2025-10-28T21:11:46.481Z,XRPUSDT,mmap,rings/binance_trade_chunk3,1,3929,2.5746,58.5,,,,1761685906456,0,1761685906481,,,
2025-10-28T21:11:46.481Z,XRPUSDT,mmap,rings/binance_trade_chunk3,1,3933,2.5746,2,,,,1761685906458,0,1761685906481,,,
2025-10-28T21:11:46.481Z,XRPUSDT,mmap,rings/binance_trade_chunk3,1,3934,2.5746,2,,,,1761685906458,0,1761685906481,,,
2025-10-28T21:11:46.481Z,XRPUSDT,mmap,rings/binance_trade_chunk3,1,3935,2.5746,2.1,,,,1761685906458,0,1761685906481,,,
2025-10-28T21:11:46.481Z,XRPUSDT,mmap,rings/binance_trade_chunk3,1,3936,2.5746,2.1,,,,1761685906458,0,1761685906481,,,
2025-10-28T21:11:46.481Z,XRPUSDT,mmap,rings/binance_trade_chunk3,1,3937,2.5746,2,,,,1761685906458,0,1761685906481,,,
2025-10-28T21:11:46.481Z,XRPUSDT,mmap,rings/binance_trade_chunk3,1,3938,2.5746,2,,,,1761685906458,0,1761685906481,,,
2025-10-28T21:11:46.481Z,XRPUSDT,mmap,rings/binance_trade_chunk3,1,3939,2.5746,2,,,,1761685906458,0,1761685906481,,,
2025-10-28T21:11:46.481Z,XRPUSDT,mmap,rings/binance_trade_chunk3,1,3940,2.5746,2.1,,,,1761685906458,0,1761685906481,,,
2025-10-28T21:11:46.482Z,XRPUSDT,mmap,rings/binance_trade_chunk3,1,3941,2.5747,2,,,,1761685906458,0,1761685906481,,,
2025-10-28T21:11:46.482Z,XRPUSDT,mmap,rings/binance_trade_chunk3,1,3942,2.5747,2,,,,1761685906458,0,1761685906482,,,
2025-10-28T21:11:46.482Z,XRPUSDT,mmap,rings/binance_trade_chunk3,1,3943,2.5747,2.1,,,,1761685906458,0,1761685906482,,,
2025-10-28T21:11:46.482Z,XRPUSDT,mmap,rings/binance_trade_chunk3,1,3944,2.5747,2.1,,,,1761685906458,0,1761685906482,,,
2025-10-28T21:11:46.482Z,XRPUSDT,mmap,rings/binance_trade_chunk3,1,3945,2.5747,2.1,,,,1761685906458,0,1761685906482,,,
2025-10-28T21:11:46.537Z,XRPUSDT,mmap,rings/binance_trade_chunk3,1,3972,2.5748,2,,,,1761685906526,0,1761685906536,,,
2025-10-28T21:11:46.537Z,XRPUSDT,mmap,rings/binance_trade_chunk3,1,3973,2.5748,40.2,,,,1761685906526,0,1761685906537,,,
2025-10-28T21:11:46.537Z,XRPUSDT,mmap,rings/binance_trade_chunk3,1,3974,2.5748,2.1,,,,1761685906526,0,1761685906537,,,
2025-10-28T21:11:46.537Z,XRPUSDT,mmap,rings/binance_trade_chunk3,1,3975,2.5748,2.1,,,,1761685906526,0,1761685906537,,,
2025-10-28T21:11:46.537Z,XRPUSDT,mmap,rings/binance_trade_chunk3,1,3976,2.5748,2,,,,1761685906526,0,1761685906537,,,
2025-10-28T21:11:46.537Z,XRPUSDT,mmap,rings/binance_trade_chunk3,1,3977,2.5748,2,,,,1761685906526,0,1761685906537,,,
2025-10-28T21:11:46.537Z,XRPUSDT,mmap,rings/binance_trade_chunk3,1,3978,2.5748,2,,,,1761685906526,0,1761685906537,,,
2025-10-28T21:11:46.537Z,XRPUSDT,mmap,rings/binance_trade_chunk3,1,3979,2.5748,2,,,,1761685906526,0,1761685906537,,,
2025-10-28T21:11:46.537Z,XRPUSDT,mmap,rings/binance_trade_chunk3,1,3980,2.5748,2,,,,1761685906526,0,1761685906537,,,
2025-10-28T21:11:46.537Z,XRPUSDT,mmap,rings/binance_trade_chunk3,1,3981,2.5748,52.5,,,,1761685906526,0,1761685906537,,,
2025-10-28T21:11:46.537Z,XRPUSDT,mmap,rings/binance_trade_chunk3,1,3982,2.5748,2,,,,1761685906526,0,1761685906537,,,
2025-10-28T21:11:46.537Z,XRPUSDT,mmap,rings/binance_trade_chunk3,1,3983,2.5748,2,,,,1761685906526,0,1761685906537,,,
2025-10-28T21:11:46.537Z,XRPUSDT,mmap,rings/binance_trade_chunk3,1,3984,2.5748,2.1,,,,1761685906526,0,1761685906537,,,
2025-10-28T21:11:46.537Z,XRPUSDT,mmap,rings/binance_trade_chunk3,1,3985,2.5748,2,,,,1761685906526,0,1761685906537,,,
2025-10-28T21:11:46.695Z,XRPUSDT,mmap,rings/binance_trade_chunk3,1,3995,2.5748,60.3,,,,1761685906676,0,1761685906695,,,
2025-10-28T21:11:47.025Z,XRPUSDT,mmap,rings/binance_trade_chunk3,1,4031,2.5748,51.6,,,,1761685907000,0,1761685907025,,,
2025-10-28T21:11:47.347Z,XRPUSDT,mmap,rings/binance_trade_chunk3,1,4139,2.5748,6.4,,,,1761685907303,0,1761685907347,,,
2025-10-28T21:11:47.667Z,XRPUSDT,mmap,rings/binance_trade_chunk3,1,4342,2.5749,2,,,,1761685907619,0,1761685907667,,,
2025-10-28T21:11:47.667Z,XRPUSDT,mmap,rings/binance_trade_chunk3,1,4343,2.5749,2,,,,1761685907619,0,1761685907667,,,
2025-10-28T21:11:47.668Z,XRPUSDT,mmap,rings/binance_trade_chunk3,1,4344,2.5749,2,,,,1761685907619,0,1761685907667,,,
2025-10-28T21:11:47.668Z,XRPUSDT,mmap,rings/binance_trade_chunk3,1,4345,2.5749,2,,,,1761685907619,0,1761685907668,,,
2025-10-28T21:11:47.668Z,XRPUSDT,mmap,rings/binance_trade_chunk3,1,4346,2.5749,2,,,,1761685907619,0,1761685907668,,,
2025-10-28T21:11:47.668Z,XRPUSDT,mmap,rings/binance_trade_chunk3,1,4347,2.5749,444.4,,,,1761685907619,0,1761685907668,,,
2025-10-28T21:11:47.877Z,XRPUSDT,mmap,rings/binance_trade_chunk3,1,4387,2.5748,11.7,,,,1761685907855,0,1761685907877,,,
2025-10-28T21:11:48.192Z,XRPUSDT,mmap,rings/binance_trade_chunk3,1,4412,2.5748,59.2,,,,1761685908160,0,1761685908192,,,
2025-10-28T21:11:48.697Z,XRPUSDT,mmap,rings/binance_trade_chunk3,1,4607,2.5748,2,,,,1761685908695,0,1761685908697,,,
2025-10-28T21:11:48.697Z,XRPUSDT,mmap,rings/binance_trade_chunk3,1,4608,2.5748,2,,,,1761685908695,0,1761685908697,,,
2025-10-28T21:11:48.697Z,XRPUSDT,mmap,rings/binance_trade_chunk3,1,4609,2.5748,2,,,,1761685908695,0,1761685908697,,,
2025-10-28T21:11:48.697Z,XRPUSDT,mmap,rings/binance_trade_chunk3,1,4610,2.5748,2,,,,1761685908695,0,1761685908697,,,
2025-10-28T21:11:48.697Z,XRPUSDT,mmap,rings/binance_trade_chunk3,1,4611,2.5748,248.1,,,,1761685908695,0,1761685908697,,,
2025-10-28T21:11:48.697Z,XRPUSDT,mmap,rings/binance_trade_chunk3,1,4612,2.5748,2.1,,,,1761685908695,0,1761685908697,,,
2025-10-28T21:11:48.697Z,XRPUSDT,mmap,rings/binance_trade_chunk3,1,4613,2.5748,2.1,,,,1761685908695,0,1761685908697,,,
2025-10-28T21:11:48.697Z,XRPUSDT,mmap,rings/binance_trade_chunk3,1,4614,2.5748,88.2,,,,1761685908695,0,1761685908697,,,
2025-10-28T21:11:48.697Z,XRPUSDT,mmap,rings/binance_trade_chunk3,1,4615,2.5748,3.2,,,,1761685908695,0,1761685908697,,,
2025-10-28T21:11:48.698Z,XRPUSDT,mmap,rings/binance_trade_chunk3,1,4633,2.5748,2,,,,1761685908697,0,1761685908698,,,
2025-10-28T21:11:48.698Z,XRPUSDT,mmap,rings/binance_trade_chunk3,1,4634,2.5748,2,,,,1761685908697,0,1761685908698,,,
2025-10-28T21:11:48.753Z,XRPUSDT,mmap,rings/binance_trade_chunk3,1,4633,2.5748,2,,,,1761685908697,0,1761685908753,,,
2025-10-28T21:11:48.753Z,XRPUSDT,mmap,rings/binance_trade_chunk3,1,4634,2.5748,2,,,,1761685908697,0,1761685908753,,,
2025-10-28T21:11:49.136Z,XRPUSDT,mmap,rings/binance_trade_chunk3,1,4771,2.5749,21.8,,,,1761685909094,0,1761685909136,,,
2025-10-28T21:11:49.451Z,XRPUSDT,mmap,rings/binance_trade_chunk3,1,4800,2.5749,135.6,,,,1761685909428,0,1761685909450,,,
2025-10-28T21:11:49.503Z,XRPUSDT,mmap,rings/binance_trade_chunk3,1,4811,2.5748,0.1,,,,1761685909501,0,1761685909503,,,
2025-10-28T21:11:49.504Z,XRPUSDT,mmap,rings/binance_trade_chunk3,1,4812,2.5748,2.1,,,,1761685909501,0,1761685909503,,,
2025-10-28T21:11:49.504Z,XRPUSDT,mmap,rings/binance_trade_chunk3,1,4813,2.5748,2,,,,1761685909501,0,1761685909504,,,
2025-10-28T21:11:49.504Z,XRPUSDT,mmap,rings/binance_trade_chunk3,1,4814,2.5748,2,,,,1761685909501,0,1761685909504,,,
2025-10-28T21:11:49.504Z,XRPUSDT,mmap,rings/binance_trade_chunk3,1,4815,2.5748,2,,,,1761685909501,0,1761685909504,,,
2025-10-28T21:11:49.504Z,XRPUSDT,mmap,rings/binance_trade_chunk3,1,4816,2.5748,2,,,,1761685909501,0,1761685909504,,,
2025-10-28T21:11:49.504Z,XRPUSDT,mmap,rings/binance_trade_chunk3,1,4817,2.5748,2,,,,1761685909502,0,1761685909504,,,
2025-10-28T21:11:49.504Z,XRPUSDT,mmap,rings/binance_trade_chunk3,1,4818,2.5748,545.4,,,,1761685909502,0,1761685909504,,,
2025-10-28T21:11:49.504Z,XRPUSDT,mmap,rings/binance_trade_chunk3,1,4819,2.5748,2,,,,1761685909502,0,1761685909504,,,
2025-10-28T21:11:49.504Z,XRPUSDT,mmap,rings/binance_trade_chunk3,1,4820,2.5748,2,,,,1761685909502,0,1761685909504,,,
2025-10-28T21:11:49.504Z,XRPUSDT,mmap,rings/binance_trade_chunk3,1,4821,2.5748,61,,,,1761685909502,0,1761685909504,,,
2025-10-28T21:11:50.184Z,XRPUSDT,mmap,rings/binance_trade_chunk3,1,4872,2.5748,52,,,,1761685910148,0,1761685910184,,,
2025-10-28T21:11:51.550Z,XRPUSDT,mmap,rings/binance_trade_chunk3,1,5071,2.5749,342.2,,,,1761685911502,0,1761685911550,,,
2025-10-28T21:11:51.862Z,XRPUSDT,mmap,rings/binance_trade_chunk3,1,5074,2.5749,206.6,,,,1761685911848,0,1761685911862,,,
2025-10-28T21:11:51.862Z,XRPUSDT,mmap,rings/binance_trade_chunk3,1,5082,2.5749,19.9,,,,1761685911849,0,1761685911862,,,
2025-10-28T21:11:51.863Z,XRPUSDT,mmap,rings/binance_trade_chunk3,1,5094,2.5748,38.9,,,,1761685911849,0,1761685911863,,,
2025-10-28T21:11:51.966Z,XRPUSDT,mmap,rings/binance_trade_chunk3,1,5102,2.5749,166.4,,,,1761685911960,0,1761685911966,,,
2025-10-28T21:11:52.181Z,XRPUSDT,mmap,rings/binance_trade_chunk3,1,5124,2.5748,42.2,,,,1761685912153,0,1761685912181,,,
2025-10-28T21:11:52.181Z,XRPUSDT,mmap,rings/binance_trade_chunk3,1,5125,2.5748,2,,,,1761685912153,0,1761685912181,,,
2025-10-28T21:11:52.181Z,XRPUSDT,mmap,rings/binance_trade_chunk3,1,5126,2.5748,545.4,,,,1761685912153,0,1761685912181,,,
2025-10-28T21:11:52.181Z,XRPUSDT,mmap,rings/binance_trade_chunk3,1,5127,2.5748,2,,,,1761685912153,0,1761685912181,,,
2025-10-28T21:11:52.181Z,XRPUSDT,mmap,rings/binance_trade_chunk3,1,5128,2.5748,2,,,,1761685912153,0,1761685912181,,,
2025-10-28T21:11:52.181Z,XRPUSDT,mmap,rings/binance_trade_chunk3,1,5129,2.5748,2,,,,1761685912153,0,1761685912181,,,
2025-10-28T21:11:52.181Z,XRPUSDT,mmap,rings/binance_trade_chunk3,1,5130,2.5748,425,,,,1761685912153,0,1761685912181,,,
2025-10-28T21:11:52.286Z,XRPUSDT,mmap,rings/binance_trade_chunk3,1,5131,2.5749,589.2,,,,1761685912236,0,1761685912286,,,
2025-10-28T21:11:52.286Z,XRPUSDT,mmap,rings/binance_trade_chunk3,1,5132,2.5749,2,,,,1761685912236,0,1761685912286,,,
2025-10-28T21:11:52.286Z,XRPUSDT,mmap,rings/binance_trade_chunk3,1,5133,2.5749,2,,,,1761685912236,0,1761685912286,,,
2025-10-28T21:11:52.286Z,XRPUSDT,mmap,rings/binance_trade_chunk3,1,5134,2.5749,2,,,,1761685912236,0,1761685912286,,,
2025-10-28T21:11:52.286Z,XRPUSDT,mmap,rings/binance_trade_chunk3,1,5135,2.5749,2,,,,1761685912236,0,1761685912286,,,
2025-10-28T21:11:52.287Z,XRPUSDT,mmap,rings/binance_trade_chunk3,1,5136,2.5749,11.6,,,,1761685912236,0,1761685912286,,,
2025-10-28T21:11:52.287Z,XRPUSDT,mmap,rings/binance_trade_chunk3,1,5137,2.5749,2.1,,,,1761685912236,0,1761685912287,,,
2025-10-28T21:11:52.287Z,XRPUSDT,mmap,rings/binance_trade_chunk3,1,5138,2.5749,2.1,,,,1761685912236,0,1761685912287,,,
2025-10-28T21:11:52.287Z,XRPUSDT,mmap,rings/binance_trade_chunk3,1,5139,2.5749,2,,,,1761685912236,0,1761685912287,,,
2025-10-28T21:11:52.287Z,XRPUSDT,mmap,rings/binance_trade_chunk3,1,5140,2.5749,2,,,,1761685912236,0,1761685912287,,,
2025-10-28T21:11:52.287Z,XRPUSDT,mmap,rings/binance_trade_chunk3,1,5141,2.5749,2,,,,1761685912237,0,1761685912287,,,
2025-10-28T21:11:52.287Z,XRPUSDT,mmap,rings/binance_trade_chunk3,1,5142,2.5749,2,,,,1761685912237,0,1761685912287,,,
2025-10-28T21:11:52.287Z,XRPUSDT,mmap,rings/binance_trade_chunk3,1,5143,2.5749,50.9,,,,1761685912237,0,1761685912287,,,
2025-10-28T21:11:52.287Z,XRPUSDT,mmap,rings/binance_trade_chunk3,1,5144,2.5749,2.1,,,,1761685912240,0,1761685912287,,,
2025-10-28T21:11:52.287Z,XRPUSDT,mmap,rings/binance_trade_chunk3,1,5145,2.5749,2.1,,,,1761685912240,0,1761685912287,,,
2025-10-28T21:11:52.287Z,XRPUSDT,mmap,rings/binance_trade_chunk3,1,5146,2.5749,2,,,,1761685912240,0,1761685912287,,,
2025-10-28T21:11:52.287Z,XRPUSDT,mmap,rings/binance_trade_chunk3,1,5147,2.5749,2,,,,1761685912240,0,1761685912287,,,
2025-10-28T21:11:52.287Z,XRPUSDT,mmap,rings/binance_trade_chunk3,1,5148,2.5749,2,,,,1761685912240,0,1761685912287,,,
2025-10-28T21:11:52.287Z,XRPUSDT,mmap,rings/binance_trade_chunk3,1,5149,2.5749,2,,,,1761685912240,0,1761685912287,,,
2025-10-28T21:11:52.287Z,XRPUSDT,mmap,rings/binance_trade_chunk3,1,5150,2.5749,2.1,,,,1761685912240,0,1761685912287,,,
2025-10-28T21:11:52.288Z,XRPUSDT,mmap,rings/binance_trade_chunk3,1,5151,2.5749,2,,,,1761685912240,0,1761685912288,,,
2025-10-28T21:11:52.288Z,XRPUSDT,mmap,rings/binance_trade_chunk3,1,5152,2.575,2,,,,1761685912240,0,1761685912288,,,
2025-10-28T21:11:52.288Z,XRPUSDT,mmap,rings/binance_trade_chunk3,1,5153,2.575,2,,,,1761685912240,0,1761685912288,,,
2025-10-28T21:11:52.288Z,XRPUSDT,mmap,rings/binance_trade_chunk3,1,5154,2.575,2,,,,1761685912240,0,1761685912288,,,
2025-10-28T21:11:52.288Z,XRPUSDT,mmap,rings/binance_trade_chunk3,1,5155,2.575,2.1,,,,1761685912240,0,1761685912288,,,
2025-10-28T21:11:52.288Z,XRPUSDT,mmap,rings/binance_trade_chunk3,1,5156,2.575,2.1,,,,1761685912240,0,1761685912288,,,
2025-10-28T21:11:52.288Z,XRPUSDT,mmap,rings/binance_trade_chunk3,1,5157,2.575,2.1,,,,1761685912240,0,1761685912288,,,
2025-10-28T21:11:52.460Z,XRPUSDT,mmap,rings/binance_trade_chunk3,1,5201,2.575,6.7,,,,1761685912432,0,1761685912460,,,
2025-10-28T21:11:53.191Z,XRPUSDT,mmap,rings/binance_trade_chunk3,1,5331,2.575,99.2,,,,1761685913147,0,1761685913191,,,
2025-10-28T21:11:53.606Z,XRPUSDT,mmap,rings/binance_trade_chunk3,1,5361,2.575,2.9,,,,1761685913577,0,1761685913606,,,
2025-10-28T21:11:56.020Z,XRPUSDT,mmap,rings/binance_trade_chunk3,1,5621,2.5751,42.4,,,,1761685915991,0,1761685916020,,,
2025-10-28T21:11:56.123Z,XRPUSDT,mmap,rings/binance_trade_chunk3,1,5628,2.5751,85.3,,,,1761685916098,0,1761685916123,,,
2025-10-28T21:11:56.334Z,XRPUSDT,mmap,rings/binance_trade_chunk3,1,5636,2.575,36.9,,,,1761685916300,0,1761685916333,,,
2025-10-28T21:11:57.584Z,XRPUSDT,mmap,rings/binance_trade_chunk3,1,5770,2.5751,86.1,,,,1761685917577,0,1761685917584,,,
2025-10-28T21:11:57.637Z,XRPUSDT,mmap,rings/binance_trade_chunk3,1,5796,2.575,2,,,,1761685917619,0,1761685917637,,,
2025-10-28T21:11:57.637Z,XRPUSDT,mmap,rings/binance_trade_chunk3,1,5797,2.575,2,,,,1761685917620,0,1761685917637,,,
2025-10-28T21:11:57.638Z,XRPUSDT,mmap,rings/binance_trade_chunk3,1,5798,2.575,2,,,,1761685917620,0,1761685917637,,,
2025-10-28T21:11:57.638Z,XRPUSDT,mmap,rings/binance_trade_chunk3,1,5799,2.575,2,,,,1761685917620,0,1761685917638,,,
2025-10-28T21:11:57.638Z,XRPUSDT,mmap,rings/binance_trade_chunk3,1,5800,2.575,2.1,,,,1761685917620,0,1761685917638,,,
2025-10-28T21:11:57.638Z,XRPUSDT,mmap,rings/binance_trade_chunk3,1,5801,2.575,2.1,,,,1761685917620,0,1761685917638,,,
2025-10-28T21:11:57.638Z,XRPUSDT,mmap,rings/binance_trade_chunk3,1,5802,2.575,75.8,,,,1761685917620,0,1761685917638,,,
2025-10-28T21:11:57.638Z,XRPUSDT,mmap,rings/binance_trade_chunk3,1,5803,2.575,2,,,,1761685917620,0,1761685917638,,,
2025-10-28T21:11:57.638Z,XRPUSDT,mmap,rings/binance_trade_chunk3,1,5804,2.575,33.5,,,,1761685917620,0,1761685917638,,,
2025-10-28T21:11:58.103Z,XRPUSDT,mmap,rings/binance_trade_chunk3,1,5825,2.575,2,,,,1761685918053,0,1761685918103,,,
2025-10-28T21:11:58.103Z,XRPUSDT,mmap,rings/binance_trade_chunk3,1,5826,2.575,2,,,,1761685918053,0,1761685918103,,,
2025-10-28T21:11:58.103Z,XRPUSDT,mmap,rings/binance_trade_chunk3,1,5827,2.575,2.1,,,,1761685918053,0,1761685918103,,,
2025-10-28T21:11:58.103Z,XRPUSDT,mmap,rings/binance_trade_chunk3,1,5828,2.575,2.1,,,,1761685918053,0,1761685918103,,,
2025-10-28T21:11:58.103Z,XRPUSDT,mmap,rings/binance_trade_chunk3,1,5829,2.575,2,,,,1761685918053,0,1761685918103,,,
2025-10-28T21:11:58.103Z,XRPUSDT,mmap,rings/binance_trade_chunk3,1,5830,2.575,2,,,,1761685918054,0,1761685918103,,,
2025-10-28T21:11:58.104Z,XRPUSDT,mmap,rings/binance_trade_chunk3,1,5831,2.575,2,,,,1761685918054,0,1761685918103,,,
2025-10-28T21:11:58.104Z,XRPUSDT,mmap,rings/binance_trade_chunk3,1,5832,2.575,2.1,,,,1761685918054,0,1761685918104,,,
2025-10-28T21:11:58.657Z,XRPUSDT,mmap,rings/binance_trade_chunk3,1,6423,2.5749,2,,,,1761685918638,0,1761685918657,,,
2025-10-28T21:11:58.657Z,XRPUSDT,mmap,rings/binance_trade_chunk3,1,6424,2.5749,55.6,,,,1761685918638,0,1761685918657,,,
2025-10-28T21:11:58.762Z,XRPUSDT,mmap,rings/binance_trade_chunk3,1,6456,2.575,20.9,,,,1761685918713,0,1761685918762,,,
2025-10-28T21:11:58.762Z,XRPUSDT,mmap,rings/binance_trade_chunk3,1,6457,2.575,25.9,,,,1761685918713,0,1761685918762,,,
2025-10-28T21:11:58.762Z,XRPUSDT,mmap,rings/binance_trade_chunk3,1,6460,2.575,19.4,,,,1761685918714,0,1761685918762,,,
2025-10-28T21:11:59.266Z,XRPUSDT,mmap,rings/binance_trade_chunk3,1,6691,2.5749,456.3,,,,1761685919222,0,1761685919266,,,
2025-10-28T21:11:59.266Z,XRPUSDT,mmap,rings/binance_trade_chunk3,1,6692,2.5749,2,,,,1761685919222,0,1761685919266,,,
2025-10-28T21:11:59.266Z,XRPUSDT,mmap,rings/binance_trade_chunk3,1,6693,2.5749,2,,,,1761685919222,0,1761685919266,,,
2025-10-28T21:11:59.266Z,XRPUSDT,mmap,rings/binance_trade_chunk3,1,6694,2.5749,2,,,,1761685919223,0,1761685919266,,,
2025-10-28T21:11:59.266Z,XRPUSDT,mmap,rings/binance_trade_chunk3,1,6695,2.5749,514,,,,1761685919223,0,1761685919266,,,
2025-10-28T21:11:59.267Z,XRPUSDT,mmap,rings/binance_trade_chunk3,1,6696,2.5749,425.7,,,,1761685919223,0,1761685919266,,,
2025-10-28T21:11:59.370Z,XRPUSDT,mmap,rings/binance_trade_chunk3,1,6701,2.5749,36.1,,,,1761685919357,0,1761685919369,,,
2025-10-28T21:11:59.526Z,XRPUSDT,mmap,rings/binance_trade_chunk3,1,6713,2.5749,36.6,,,,1761685919485,0,1761685919526,,,
2025-10-28T21:11:59.578Z,XRPUSDT,mmap,rings/binance_trade_chunk3,1,6715,2.575,2,,,,1761685919534,0,1761685919578,,,
2025-10-28T21:11:59.578Z,XRPUSDT,mmap,rings/binance_trade_chunk3,1,6716,2.575,2,,,,1761685919534,0,1761685919578,,,
2025-10-28T21:11:59.578Z,XRPUSDT,mmap,rings/binance_trade_chunk3,1,6717,2.575,2,,,,1761685919534,0,1761685919578,,,
2025-10-28T21:11:59.578Z,XRPUSDT,mmap,rings/binance_trade_chunk3,1,6718,2.575,2,,,,1761685919534,0,1761685919578,,,
2025-10-28T21:11:59.578Z,XRPUSDT,mmap,rings/binance_trade_chunk3,1,6719,2.575,2.1,,,,1761685919534,0,1761685919578,,,
2025-10-28T21:11:59.579Z,XRPUSDT,mmap,rings/binance_trade_chunk3,1,6720,2.575,1.9,,,,1761685919534,0,1761685919578,,,
2025-10-28T21:11:59.733Z,XRPUSDT,mmap,rings/binance_trade_chunk3,1,6727,2.5749,22.7,,,,1761685919692,0,1761685919733,,,
2025-10-28T21:12:00.047Z,XRPUSDT,mmap,rings/binance_trade_chunk3,1,6787,2.575,0.2,,,,1761685920037,0,1761685920047,,,
2025-10-28T21:12:00.047Z,XRPUSDT,mmap,rings/binance_trade_chunk3,1,6788,2.575,2,,,,1761685920037,0,1761685920047,,,
2025-10-28T21:12:00.047Z,XRPUSDT,mmap,rings/binance_trade_chunk3,1,6789,2.575,2,,,,1761685920037,0,1761685920047,,,
2025-10-28T21:12:00.048Z,XRPUSDT,mmap,rings/binance_trade_chunk3,1,6790,2.575,2,,,,1761685920037,0,1761685920048,,,
2025-10-28T21:12:00.048Z,XRPUSDT,mmap,rings/binance_trade_chunk3,1,6791,2.575,2.1,,,,1761685920037,0,1761685920048,,,
2025-10-28T21:12:00.048Z,XRPUSDT,mmap,rings/binance_trade_chunk3,1,6792,2.575,2,,,,1761685920037,0,1761685920048,,,
2025-10-28T21:12:00.048Z,XRPUSDT,mmap,rings/binance_trade_chunk3,1,6793,2.575,2,,,,1761685920037,0,1761685920048,,,
2025-10-28T21:12:00.048Z,XRPUSDT,mmap,rings/binance_trade_chunk3,1,6794,2.575,2,,,,1761685920037,0,1761685920048,,,
2025-10-28T21:12:00.048Z,XRPUSDT,mmap,rings/binance_trade_chunk3,1,6795,2.575,2,,,,1761685920037,0,1761685920048,,,
2025-10-28T21:12:00.048Z,XRPUSDT,mmap,rings/binance_trade_chunk3,1,6796,2.575,2.1,,,,1761685920037,0,1761685920048,,,
2025-10-28T21:12:00.100Z,XRPUSDT,mmap,rings/binance_trade_chunk3,1,6803,2.5751,36.6,,,,1761685920059,0,1761685920100,,,
2025-10-28T21:12:00.100Z,XRPUSDT,mmap,rings/binance_trade_chunk3,1,6806,2.5751,239.9,,,,1761685920073,0,1761685920100,,,
2025-10-28T21:12:00.100Z,XRPUSDT,mmap,rings/binance_trade_chunk3,1,6807,2.5751,130.2,,,,1761685920075,0,1761685920100,,,
2025-10-28T21:12:00.153Z,XRPUSDT,mmap,rings/binance_trade_chunk3,1,6814,2.575,51.9,,,,1761685920144,0,1761685920153,,,
2025-10-28T21:12:00.309Z,XRPUSDT,mmap,rings/binance_trade_chunk3,1,6835,2.575,5.8,,,,1761685920296,0,1761685920309,,,
2025-10-28T21:12:00.363Z,XRPUSDT,mmap,rings/binance_trade_chunk3,1,6863,2.5751,24,,,,1761685920312,0,1761685920363,,,
2025-10-28T21:12:00.363Z,XRPUSDT,mmap,rings/binance_trade_chunk3,1,6864,2.5751,2,,,,1761685920312,0,1761685920363,,,
2025-10-28T21:12:00.363Z,XRPUSDT,mmap,rings/binance_trade_chunk3,1,6865,2.5751,55.7,,,,1761685920312,0,1761685920363,,,
2025-10-28T21:12:00.364Z,XRPUSDT,mmap,rings/binance_trade_chunk3,1,6866,2.5751,2.1,,,,1761685920312,0,1761685920363,,,
2025-10-28T21:12:00.364Z,XRPUSDT,mmap,rings/binance_trade_chunk3,1,6867,2.5751,2.1,,,,1761685920312,0,1761685920364,,,
2025-10-28T21:12:00.364Z,XRPUSDT,mmap,rings/binance_trade_chunk3,1,6868,2.5751,2,,,,1761685920312,0,1761685920364,,,
2025-10-28T21:12:00.364Z,XRPUSDT,mmap,rings/binance_trade_chunk3,1,6869,2.5751,2,,,,1761685920312,0,1761685920364,,,
2025-10-28T21:12:00.364Z,XRPUSDT,mmap,rings/binance_trade_chunk3,1,6870,2.5751,2,,,,1761685920312,0,1761685920364,,,
2025-10-28T21:12:00.364Z,XRPUSDT,mmap,rings/binance_trade_chunk3,1,6871,2.5751,2,,,,1761685920312,0,1761685920364,,,
2025-10-28T21:12:00.364Z,XRPUSDT,mmap,rings/binance_trade_chunk3,1,6872,2.5751,2,,,,1761685920312,0,1761685920364,,,
2025-10-28T21:12:00.364Z,XRPUSDT,mmap,rings/binance_trade_chunk3,1,6873,2.5751,458.8,,,,1761685920312,0,1761685920364,,,
2025-10-28T21:12:00.364Z,XRPUSDT,mmap,rings/binance_trade_chunk3,1,6874,2.5751,2,,,,1761685920312,0,1761685920364,,,
2025-10-28T21:12:00.364Z,XRPUSDT,mmap,rings/binance_trade_chunk3,1,6875,2.5751,2,,,,1761685920312,0,1761685920364,,,
2025-10-28T21:12:00.364Z,XRPUSDT,mmap,rings/binance_trade_chunk3,1,6882,2.5751,2.1,,,,1761685920315,0,1761685920364,,,
2025-10-28T21:12:00.365Z,XRPUSDT,mmap,rings/binance_trade_chunk3,1,6883,2.5751,2,,,,1761685920315,0,1761685920365,,,
2025-10-28T21:12:00.365Z,XRPUSDT,mmap,rings/binance_trade_chunk3,1,6884,2.5751,2.1,,,,1761685920315,0,1761685920365,,,
2025-10-28T21:12:00.365Z,XRPUSDT,mmap,rings/binance_trade_chunk3,1,6885,2.5751,2,,,,1761685920315,0,1761685920365,,,
2025-10-28T21:12:00.365Z,XRPUSDT,mmap,rings/binance_trade_chunk3,1,6886,2.5751,2,,,,1761685920315,0,1761685920365,,,
2025-10-28T21:12:00.365Z,XRPUSDT,mmap,rings/binance_trade_chunk3,1,6887,2.5751,2,,,,1761685920315,0,1761685920365,,,
2025-10-28T21:12:00.365Z,XRPUSDT,mmap,rings/binance_trade_chunk3,1,6888,2.5751,2.1,,,,1761685920315,0,1761685920365,,,
2025-10-28T21:12:00.365Z,XRPUSDT,mmap,rings/binance_trade_chunk3,1,6889,2.5752,2,,,,1761685920315,0,1761685920365,,,
2025-10-28T21:12:00.365Z,XRPUSDT,mmap,rings/binance_trade_chunk3,1,6890,2.5752,2,,,,1761685920315,0,1761685920365,,,
2025-10-28T21:12:00.365Z,XRPUSDT,mmap,rings/binance_trade_chunk3,1,6891,2.5752,2.1,,,,1761685920315,0,1761685920365,,,
2025-10-28T21:12:00.365Z,XRPUSDT,mmap,rings/binance_trade_chunk3,1,6892,2.5752,2.1,,,,1761685920315,0,1761685920365,,,
2025-10-28T21:12:00.365Z,XRPUSDT,mmap,rings/binance_trade_chunk3,1,6893,2.5752,2.1,,,,1761685920315,0,1761685920365,,,
2025-10-28T21:12:00.365Z,XRPUSDT,mmap,rings/binance_trade_chunk3,1,6894,2.5753,2,,,,1761685920315,0,1761685920365,,,
2025-10-28T21:12:00.365Z,XRPUSDT,mmap,rings/binance_trade_chunk3,1,6895,2.5753,2,,,,1761685920315,0,1761685920365,,,
2025-10-28T21:12:00.365Z,XRPUSDT,mmap,rings/binance_trade_chunk3,1,6896,2.5753,2,,,,1761685920315,0,1761685920365,,,
2025-10-28T21:12:00.366Z,XRPUSDT,mmap,rings/binance_trade_chunk3,1,6897,2.5753,2.1,,,,1761685920315,0,1761685920365,,,
2025-10-28T21:12:00.366Z,XRPUSDT,mmap,rings/binance_trade_chunk3,1,6898,2.5753,2.1,,,,1761685920315,0,1761685920366,,,
2025-10-28T21:12:00.366Z,XRPUSDT,mmap,rings/binance_trade_chunk3,1,6899,2.5753,2.1,,,,1761685920316,0,1761685920366,,,
2025-10-28T21:12:00.366Z,XRPUSDT,mmap,rings/binance_trade_chunk3,1,6900,2.5754,2,,,,1761685920316,0,1761685920366,,,
2025-10-28T21:12:00.366Z,XRPUSDT,mmap,rings/binance_trade_chunk3,1,6901,2.5754,2,,,,1761685920316,0,1761685920366,,,
2025-10-28T21:12:00.366Z,XRPUSDT,mmap,rings/binance_trade_chunk3,1,6902,2.5754,2.1,,,,1761685920316,0,1761685920366,,,
2025-10-28T21:12:00.366Z,XRPUSDT,mmap,rings/binance_trade_chunk3,1,6903,2.5754,2.1,,,,1761685920316,0,1761685920366,,,
2025-10-28T21:12:00.366Z,XRPUSDT,mmap,rings/binance_trade_chunk3,1,6904,2.5754,2.1,,,,1761685920316,0,1761685920366,,,
2025-10-28T21:12:00.479Z,XRPUSDT,mmap,rings/binance_trade_chunk3,1,7094,2.5755,2.2,,,,1761685920440,0,1761685920479,,,
2025-10-28T21:12:00.479Z,XRPUSDT,mmap,rings/binance_trade_chunk3,1,7095,2.5755,2,,,,1761685920440,0,1761685920479,,,
2025-10-28T21:12:00.479Z,XRPUSDT,mmap,rings/binance_trade_chunk3,1,7096,2.5755,2.1,,,,1761685920440,0,1761685920479,,,
2025-10-28T21:12:00.479Z,XRPUSDT,mmap,rings/binance_trade_chunk3,1,7097,2.5755,2,,,,1761685920440,0,1761685920479,,,
2025-10-28T21:12:00.479Z,XRPUSDT,mmap,rings/binance_trade_chunk3,1,7098,2.5755,2.1,,,,1761685920440,0,1761685920479,,,
2025-10-28T21:12:00.479Z,XRPUSDT,mmap,rings/binance_trade_chunk3,1,7099,2.5755,2,,,,1761685920440,0,1761685920479,,,
2025-10-28T21:12:00.479Z,XRPUSDT,mmap,rings/binance_trade_chunk3,1,7100,2.5755,2,,,,1761685920440,0,1761685920479,,,
2025-10-28T21:12:00.479Z,XRPUSDT,mmap,rings/binance_trade_chunk3,1,7101,2.5755,2,,,,1761685920440,0,1761685920479,,,
2025-10-28T21:12:00.479Z,XRPUSDT,mmap,rings/binance_trade_chunk3,1,7102,2.5755,2,,,,1761685920440,0,1761685920479,,,
2025-10-28T21:12:00.479Z,XRPUSDT,mmap,rings/binance_trade_chunk3,1,7103,2.5755,2,,,,1761685920440,0,1761685920479,,,
2025-10-28T21:12:00.480Z,XRPUSDT,mmap,rings/binance_trade_chunk3,1,7104,2.5755,2,,,,1761685920440,0,1761685920479,,,
2025-10-28T21:12:00.480Z,XRPUSDT,mmap,rings/binance_trade_chunk3,1,7105,2.5755,2.1,,,,1761685920440,0,1761685920480,,,
2025-10-28T21:12:00.480Z,XRPUSDT,mmap,rings/binance_trade_chunk3,1,7106,2.5755,2,,,,1761685920440,0,1761685920480,,,
2025-10-28T21:12:00.480Z,XRPUSDT,mmap,rings/binance_trade_chunk3,1,7107,2.5756,2,,,,1761685920440,0,1761685920480,,,
2025-10-28T21:12:00.480Z,XRPUSDT,mmap,rings/binance_trade_chunk3,1,7108,2.5756,2.1,,,,1761685920440,0,1761685920480,,,
2025-10-28T21:12:00.480Z,XRPUSDT,mmap,rings/binance_trade_chunk3,1,7109,2.5756,2.1,,,,1761685920440,0,1761685920480,,,
2025-10-28T21:12:00.480Z,XRPUSDT,mmap,rings/binance_trade_chunk3,1,7110,2.5756,2,,,,1761685920440,0,1761685920480,,,
2025-10-28T21:12:00.480Z,XRPUSDT,mmap,rings/binance_trade_chunk3,1,7111,2.5756,2.1,,,,1761685920440,0,1761685920480,,,
2025-10-28T21:12:00.480Z,XRPUSDT,mmap,rings/binance_trade_chunk3,1,7112,2.5757,2,,,,1761685920440,0,1761685920480,,,
2025-10-28T21:12:00.480Z,XRPUSDT,mmap,rings/binance_trade_chunk3,1,7113,2.5757,2.1,,,,1761685920440,0,1761685920480,,,
2025-10-28T21:12:00.480Z,XRPUSDT,mmap,rings/binance_trade_chunk3,1,7114,2.5757,2.1,,,,1761685920440,0,1761685920480,,,
2025-10-28T21:12:00.480Z,XRPUSDT,mmap,rings/binance_trade_chunk3,1,7115,2.5757,2.1,,,,1761685920440,0,1761685920480,,,
2025-10-28T21:12:00.481Z,XRPUSDT,mmap,rings/binance_trade_chunk3,1,7116,2.5757,2,,,,1761685920440,0,1761685920480,,,
2025-10-28T21:12:00.481Z,XRPUSDT,mmap,rings/binance_trade_chunk3,1,7117,2.5757,2.1,,,,1761685920440,0,1761685920481,,,
2025-10-28T21:12:00.481Z,XRPUSDT,mmap,rings/binance_trade_chunk3,1,7118,2.5757,6.5,,,,1761685920455,0,1761685920481,,,
2025-10-28T21:12:00.787Z,XRPUSDT,mmap,rings/binance_trade_chunk3,1,7265,2.5757,2,,,,1761685920726,0,1761685920787,,,
2025-10-28T21:12:00.787Z,XRPUSDT,mmap,rings/binance_trade_chunk3,1,7266,2.5757,2,,,,1761685920726,0,1761685920787,,,
2025-10-28T21:12:00.787Z,XRPUSDT,mmap,rings/binance_trade_chunk3,1,7267,2.5757,2,,,,1761685920726,0,1761685920787,,,
2025-10-28T21:12:00.787Z,XRPUSDT,mmap,rings/binance_trade_chunk3,1,7268,2.5757,2,,,,1761685920726,0,1761685920787,,,
2025-10-28T21:12:00.787Z,XRPUSDT,mmap,rings/binance_trade_chunk3,1,7269,2.5757,2.1,,,,1761685920726,0,1761685920787,,,
2025-10-28T21:12:00.787Z,XRPUSDT,mmap,rings/binance_trade_chunk3,1,7270,2.5757,2.1,,,,1761685920727,0,1761685920787,,,
2025-10-28T21:12:00.788Z,XRPUSDT,mmap,rings/binance_trade_chunk3,1,7271,2.5757,2,,,,1761685920727,0,1761685920788,,,
2025-10-28T21:12:00.788Z,XRPUSDT,mmap,rings/binance_trade_chunk3,1,7272,2.5757,2,,,,1761685920727,0,1761685920788,,,
2025-10-28T21:12:00.788Z,XRPUSDT,mmap,rings/binance_trade_chunk3,1,7273,2.5757,2,,,,1761685920727,0,1761685920788,,,
2025-10-28T21:12:00.788Z,XRPUSDT,mmap,rings/binance_trade_chunk3,1,7274,2.5757,2,,,,1761685920727,0,1761685920788,,,
2025-10-28T21:12:00.788Z,XRPUSDT,mmap,rings/binance_trade_chunk3,1,7275,2.5757,2.1,,,,1761685920727,0,1761685920788,,,
2025-10-28T21:12:00.788Z,XRPUSDT,mmap,rings/binance_trade_chunk3,1,7276,2.5757,2,,,,1761685920727,0,1761685920788,,,
2025-10-28T21:12:00.788Z,XRPUSDT,mmap,rings/binance_trade_chunk3,1,7281,2.5756,2,,,,1761685920727,0,1761685920788,,,
2025-10-28T21:12:00.788Z,XRPUSDT,mmap,rings/binance_trade_chunk3,1,7282,2.5756,2.1,,,,1761685920727,0,1761685920788,,,
2025-10-28T21:12:00.788Z,XRPUSDT,mmap,rings/binance_trade_chunk3,1,7283,2.5756,2.1,,,,1761685920727,0,1761685920788,,,
2025-10-28T21:12:00.789Z,XRPUSDT,mmap,rings/binance_trade_chunk3,1,7284,2.5756,2,,,,1761685920727,0,1761685920788,,,
2025-10-28T21:12:00.789Z,XRPUSDT,mmap,rings/binance_trade_chunk3,1,7285,2.5756,2.1,,,,1761685920727,0,1761685920789,,,
2025-10-28T21:12:00.791Z,XRPUSDT,mmap,rings/binance_trade_chunk3,1,7348,2.5755,2,,,,1761685920729,0,1761685920791,,,
2025-10-28T21:12:00.791Z,XRPUSDT,mmap,rings/binance_trade_chunk3,1,7349,2.5755,2.1,,,,1761685920729,0,1761685920791,,,
2025-10-28T21:12:00.791Z,XRPUSDT,mmap,rings/binance_trade_chunk3,1,7350,2.5755,2.1,,,,1761685920729,0,1761685920791,,,
2025-10-28T21:12:00.791Z,XRPUSDT,mmap,rings/binance_trade_chunk3,1,7351,2.5755,2,,,,1761685920729,0,1761685920791,,,
2025-10-28T21:12:00.791Z,XRPUSDT,mmap,rings/binance_trade_chunk3,1,7352,2.5755,2.1,,,,1761685920729,0,1761685920791,,,
2025-10-28T21:12:00.791Z,XRPUSDT,mmap,rings/binance_trade_chunk3,1,7353,2.5754,539,,,,1761685920729,0,1761685920791,,,
2025-10-28T21:12:00.791Z,XRPUSDT,mmap,rings/binance_trade_chunk3,1,7354,2.5754,2,,,,1761685920729,0,1761685920791,,,
2025-10-28T21:12:00.791Z,XRPUSDT,mmap,rings/binance_trade_chunk3,1,7355,2.5754,2,,,,1761685920729,0,1761685920791,,,
2025-10-28T21:12:00.792Z,XRPUSDT,mmap,rings/binance_trade_chunk3,1,7356,2.5754,3,,,,1761685920729,0,1761685920792,,,
2025-10-28T21:12:00.792Z,XRPUSDT,mmap,rings/binance_trade_chunk3,1,7357,2.5754,2.1,,,,1761685920729,0,1761685920792,,,
2025-10-28T21:12:00.792Z,XRPUSDT,mmap,rings/binance_trade_chunk3,1,7358,2.5754,2.1,,,,1761685920730,0,1761685920792,,,
2025-10-28T21:12:00.792Z,XRPUSDT,mmap,rings/binance_trade_chunk3,1,7359,2.5754,2.1,,,,1761685920730,0,1761685920792,,,
2025-10-28T21:12:00.793Z,XRPUSDT,mmap,rings/binance_trade_chunk3,1,7383,2.5753,2,,,,1761685920736,0,1761685920793,,,
2025-10-28T21:12:00.793Z,XRPUSDT,mmap,rings/binance_trade_chunk3,1,7384,2.5753,1.6,,,,1761685920736,0,1761685920793,,,
2025-10-28T21:12:00.793Z,XRPUSDT,mmap,rings/binance_trade_chunk3,1,7389,2.5753,0.5,,,,1761685920736,0,1761685920793,,,
2025-10-28T21:12:00.793Z,XRPUSDT,mmap,rings/binance_trade_chunk3,1,7390,2.5753,2.1,,,,1761685920736,0,1761685920793,,,
2025-10-28T21:12:00.793Z,XRPUSDT,mmap,rings/binance_trade_chunk3,1,7391,2.5753,1,,,,1761685920736,0,1761685920793,,,
2025-10-28T21:12:00.793Z,XRPUSDT,mmap,rings/binance_trade_chunk3,1,7392,2.5753,1,,,,1761685920737,0,1761685920793,,,
2025-10-28T21:12:00.793Z,XRPUSDT,mmap,rings/binance_trade_chunk3,1,7393,2.5753,2,,,,1761685920737,0,1761685920793,,,
2025-10-28T21:12:00.793Z,XRPUSDT,mmap,rings/binance_trade_chunk3,1,7394,2.5753,2,,,,1761685920737,0,1761685920793,,,
2025-10-28T21:12:00.793Z,XRPUSDT,mmap,rings/binance_trade_chunk3,1,7395,2.5753,0.4,,,,1761685920737,0,1761685920793,,,
2025-10-28T21:12:00.793Z,XRPUSDT,mmap,rings/binance_trade_chunk3,1,7396,2.5753,1.7,,,,1761685920737,0,1761685920793,,,
2025-10-28T21:12:00.794Z,XRPUSDT,mmap,rings/binance_trade_chunk3,1,7397,2.5753,1.9,,,,1761685920737,0,1761685920793,,,
2025-10-28T21:12:00.794Z,XRPUSDT,mmap,rings/binance_trade_chunk3,1,7398,2.5753,0.1,,,,1761685920739,0,1761685920794,,,
2025-10-28T21:12:00.794Z,XRPUSDT,mmap,rings/binance_trade_chunk3,1,7399,2.5752,2,,,,1761685920739,0,1761685920794,,,
2025-10-28T21:12:00.794Z,XRPUSDT,mmap,rings/binance_trade_chunk3,1,7400,2.5752,1.5,,,,1761685920739,0,1761685920794,,,
2025-10-28T21:12:00.796Z,XRPUSDT,mmap,rings/binance_trade_chunk3,1,7452,2.5752,0.6,,,,1761685920764,0,1761685920796,,,
2025-10-28T21:12:00.796Z,XRPUSDT,mmap,rings/binance_trade_chunk3,1,7453,2.5752,2.1,,,,1761685920764,0,1761685920796,,,
2025-10-28T21:12:00.796Z,XRPUSDT,mmap,rings/binance_trade_chunk3,1,7454,2.5752,2,,,,1761685920764,0,1761685920796,,,
2025-10-28T21:12:00.796Z,XRPUSDT,mmap,rings/binance_trade_chunk3,1,7455,2.5752,2,,,,1761685920764,0,1761685920796,,,
2025-10-28T21:12:00.796Z,XRPUSDT,mmap,rings/binance_trade_chunk3,1,7456,2.5752,2,,,,1761685920764,0,1761685920796,,,
2025-10-28T21:12:00.796Z,XRPUSDT,mmap,rings/binance_trade_chunk3,1,7457,2.5752,2,,,,1761685920764,0,1761685920796,,,
2025-10-28T21:12:00.796Z,XRPUSDT,mmap,rings/binance_trade_chunk3,1,7458,2.5752,2.1,,,,1761685920764,0,1761685920796,,,
2025-10-28T21:12:00.796Z,XRPUSDT,mmap,rings/binance_trade_chunk3,1,7459,2.5752,2,,,,1761685920764,0,1761685920796,,,
2025-10-28T21:12:00.796Z,XRPUSDT,mmap,rings/binance_trade_chunk3,1,7460,2.5751,2,,,,1761685920764,0,1761685920796,,,
2025-10-28T21:12:00.796Z,XRPUSDT,mmap,rings/binance_trade_chunk3,1,7461,2.5751,3,,,,1761685920764,0,1761685920796,,,
2025-10-28T21:12:00.797Z,XRPUSDT,mmap,rings/binance_trade_chunk3,1,7462,2.5751,1.5,,,,1761685920764,0,1761685920796,,,
2025-10-28T21:12:00.868Z,XRPUSDT,mmap,rings/binance_trade_chunk3,1,7489,2.5751,2.1,,,,1761685920804,0,1761685920868,,,
2025-10-28T21:12:00.868Z,XRPUSDT,mmap,rings/binance_trade_chunk3,1,7490,2.5751,2.1,,,,1761685920804,0,1761685920868,,,
2025-10-28T21:12:00.868Z,XRPUSDT,mmap,rings/binance_trade_chunk3,1,7491,2.5751,2,,,,1761685920804,0,1761685920868,,,
2025-10-28T21:12:00.868Z,XRPUSDT,mmap,rings/binance_trade_chunk3,1,7492,2.5751,2,,,,1761685920805,0,1761685920868,,,
2025-10-28T21:12:00.868Z,XRPUSDT,mmap,rings/binance_trade_chunk3,1,7493,2.5751,2,,,,1761685920805,0,1761685920868,,,
2025-10-28T21:12:00.868Z,XRPUSDT,mmap,rings/binance_trade_chunk3,1,7494,2.5751,2,,,,1761685920805,0,1761685920868,,,
2025-10-28T21:12:01.198Z,XRPUSDT,mmap,rings/binance_trade_chunk3,1,7664,2.5752,863.7,,,,1761685921186,0,1761685921198,,,
2025-10-28T21:12:02.144Z,XRPUSDT,mmap,rings/binance_trade_chunk3,1,7733,2.5752,364.3,,,,1761685922113,0,1761685922144,,,
2025-10-28T21:12:02.144Z,XRPUSDT,mmap,rings/binance_trade_chunk3,1,7734,2.5752,2,,,,1761685922113,0,1761685922144,,,
2025-10-28T21:12:02.144Z,XRPUSDT,mmap,rings/binance_trade_chunk3,1,7735,2.5752,6586.6,,,,1761685922113,0,1761685922144,,,
2025-10-28T21:12:02.144Z,XRPUSDT,mmap,rings/binance_trade_chunk3,1,7736,2.5752,2,,,,1761685922113,0,1761685922144,,,
2025-10-28T21:12:02.144Z,XRPUSDT,mmap,rings/binance_trade_chunk3,1,7737,2.5752,2,,,,1761685922113,0,1761685922144,,,
2025-10-28T21:12:02.144Z,XRPUSDT,mmap,rings/binance_trade_chunk3,1,7738,2.5752,2,,,,1761685922113,0,1761685922144,,,
2025-10-28T21:12:02.144Z,XRPUSDT,mmap,rings/binance_trade_chunk3,1,7739,2.5752,474.5,,,,1761685922113,0,1761685922144,,,
2025-10-28T21:12:02.144Z,XRPUSDT,mmap,rings/binance_trade_chunk3,1,7740,2.5752,51.6,,,,1761685922113,0,1761685922144,,,
2025-10-28T21:12:02.144Z,XRPUSDT,mmap,rings/binance_trade_chunk3,1,7741,2.5752,10,,,,1761685922113,0,1761685922144,,,
2025-10-28T21:12:02.144Z,XRPUSDT,mmap,rings/binance_trade_chunk3,1,7742,2.5752,2.1,,,,1761685922113,0,1761685922144,,,
2025-10-28T21:12:02.145Z,XRPUSDT,mmap,rings/binance_trade_chunk3,1,7743,2.5752,2.1,,,,1761685922113,0,1761685922145,,,
2025-10-28T21:12:02.145Z,XRPUSDT,mmap,rings/binance_trade_chunk3,1,7744,2.5752,2,,,,1761685922113,0,1761685922145,,,
2025-10-28T21:12:02.145Z,XRPUSDT,mmap,rings/binance_trade_chunk3,1,7745,2.5752,2,,,,1761685922113,0,1761685922145,,,
2025-10-28T21:12:02.145Z,XRPUSDT,mmap,rings/binance_trade_chunk3,1,7746,2.5752,2,,,,1761685922113,0,1761685922145,,,
2025-10-28T21:12:02.145Z,XRPUSDT,mmap,rings/binance_trade_chunk3,1,7747,2.5752,2,,,,1761685922113,0,1761685922145,,,
2025-10-28T21:12:02.147Z,XRPUSDT,mmap,rings/binance_trade_chunk3,1,7792,2.5752,2,,,,1761685922115,0,1761685922147,,,
2025-10-28T21:12:02.147Z,XRPUSDT,mmap,rings/binance_trade_chunk3,1,7793,2.5752,2.1,,,,1761685922115,0,1761685922147,,,
2025-10-28T21:12:02.147Z,XRPUSDT,mmap,rings/binance_trade_chunk3,1,7794,2.5752,2.1,,,,1761685922115,0,1761685922147,,,
2025-10-28T21:12:02.147Z,XRPUSDT,mmap,rings/binance_trade_chunk3,1,7795,2.5752,2,,,,1761685922115,0,1761685922147,,,
2025-10-28T21:12:02.147Z,XRPUSDT,mmap,rings/binance_trade_chunk3,1,7796,2.5752,2,,,,1761685922115,0,1761685922147,,,
2025-10-28T21:12:02.147Z,XRPUSDT,mmap,rings/binance_trade_chunk3,1,7797,2.5752,2,,,,1761685922115,0,1761685922147,,,
2025-10-28T21:12:02.147Z,XRPUSDT,mmap,rings/binance_trade_chunk3,1,7798,2.5752,2,,,,1761685922115,0,1761685922147,,,
2025-10-28T21:12:02.147Z,XRPUSDT,mmap,rings/binance_trade_chunk3,1,7799,2.5752,2,,,,1761685922115,0,1761685922147,,,
2025-10-28T21:12:02.148Z,XRPUSDT,mmap,rings/binance_trade_chunk3,1,7800,2.5752,2.1,,,,1761685922115,0,1761685922147,,,
2025-10-28T21:12:02.148Z,XRPUSDT,mmap,rings/binance_trade_chunk3,1,7801,2.5753,2,,,,1761685922115,0,1761685922148,,,
2025-10-28T21:12:02.148Z,XRPUSDT,mmap,rings/binance_trade_chunk3,1,7802,2.5753,2,,,,1761685922115,0,1761685922148,,,
2025-10-28T21:12:02.148Z,XRPUSDT,mmap,rings/binance_trade_chunk3,1,7803,2.5753,2.1,,,,1761685922115,0,1761685922148,,,
2025-10-28T21:12:02.148Z,XRPUSDT,mmap,rings/binance_trade_chunk3,1,7804,2.5753,2.1,,,,1761685922115,0,1761685922148,,,
2025-10-28T21:12:02.148Z,XRPUSDT,mmap,rings/binance_trade_chunk3,1,7805,2.5753,2.1,,,,1761685922115,0,1761685922148,,,
2025-10-28T21:12:02.148Z,XRPUSDT,mmap,rings/binance_trade_chunk3,1,7806,2.5754,1000.3,,,,1761685922115,0,1761685922148,,,
2025-10-28T21:12:02.148Z,XRPUSDT,mmap,rings/binance_trade_chunk3,1,7808,2.5753,68,,,,1761685922115,0,1761685922148,,,
2025-10-28T21:12:02.148Z,XRPUSDT,mmap,rings/binance_trade_chunk3,1,7813,2.5753,13.5,,,,1761685922115,0,1761685922148,,,
2025-10-28T21:12:02.211Z,XRPUSDT,mmap,rings/binance_trade_chunk3,1,7832,2.5754,2,,,,1761685922156,0,1761685922210,,,
2025-10-28T21:12:02.211Z,XRPUSDT,mmap,rings/binance_trade_chunk3,1,7833,2.5754,2.1,,,,1761685922156,0,1761685922211,,,
2025-10-28T21:12:02.211Z,XRPUSDT,mmap,rings/binance_trade_chunk3,1,7834,2.5754,2.1,,,,1761685922156,0,1761685922211,,,
2025-10-28T21:12:02.211Z,XRPUSDT,mmap,rings/binance_trade_chunk3,1,7835,2.5754,2,,,,1761685922156,0,1761685922211,,,
2025-10-28T21:12:02.211Z,XRPUSDT,mmap,rings/binance_trade_chunk3,1,7836,2.5754,2,,,,1761685922156,0,1761685922211,,,
2025-10-28T21:12:02.211Z,XRPUSDT,mmap,rings/binance_trade_chunk3,1,7837,2.5754,2,,,,1761685922156,0,1761685922211,,,
2025-10-28T21:12:02.211Z,XRPUSDT,mmap,rings/binance_trade_chunk3,1,7838,2.5754,2,,,,1761685922156,0,1761685922211,,,
2025-10-28T21:12:02.211Z,XRPUSDT,mmap,rings/binance_trade_chunk3,1,7839,2.5754,2,,,,1761685922156,0,1761685922211,,,
2025-10-28T21:12:02.211Z,XRPUSDT,mmap,rings/binance_trade_chunk3,1,7840,2.5754,2,,,,1761685922156,0,1761685922211,,,
2025-10-28T21:12:02.211Z,XRPUSDT,mmap,rings/binance_trade_chunk3,1,7841,2.5754,2.1,,,,1761685922156,0,1761685922211,,,
2025-10-28T21:12:02.211Z,XRPUSDT,mmap,rings/binance_trade_chunk3,1,7842,2.5754,2,,,,1761685922156,0,1761685922211,,,
2025-10-28T21:12:02.211Z,XRPUSDT,mmap,rings/binance_trade_chunk3,1,7843,2.5755,2,,,,1761685922156,0,1761685922211,,,
2025-10-28T21:12:02.211Z,XRPUSDT,mmap,rings/binance_trade_chunk3,1,7844,2.5755,2,,,,1761685922156,0,1761685922211,,,
2025-10-28T21:12:02.211Z,XRPUSDT,mmap,rings/binance_trade_chunk3,1,7845,2.5755,2.1,,,,1761685922156,0,1761685922211,,,2025-10-28T21:12:05.018Z,XRPUSDT,mmap,rings/binance_trade_chunk3,1,8934,2.5753,2,,,,1761685924960,0,1761685925018,,,
2025-10-28T21:12:05.018Z,XRPUSDT,mmap,rings/binance_trade_chunk3,1,8935,2.5753,2.1,,,,1761685924960,0,1761685925018,,,
2025-10-28T21:12:05.018Z,XRPUSDT,mmap,rings/binance_trade_chunk3,1,8936,2.5753,2.1,,,,1761685924960,0,1761685925018,,,
2025-10-28T21:12:05.019Z,XRPUSDT,mmap,rings/binance_trade_chunk3,1,8937,2.5753,2,,,,1761685924960,0,1761685925019,,,
2025-10-28T21:12:05.019Z,XRPUSDT,mmap,rings/binance_trade_chunk3,1,8938,2.5753,2,,,,1761685924960,0,1761685925019,,,
2025-10-28T21:12:05.019Z,XRPUSDT,mmap,rings/binance_trade_chunk3,1,8939,2.5753,2,,,,1761685924960,0,1761685925019,,,
2025-10-28T21:12:05.019Z,XRPUSDT,mmap,rings/binance_trade_chunk3,1,8940,2.5753,2.1,,,,1761685924960,0,1761685925019,,,
2025-10-28T21:12:05.019Z,XRPUSDT,mmap,rings/binance_trade_chunk3,1,8941,2.5753,2,,,,1761685924960,0,1761685925019,,,
2025-10-28T21:12:05.020Z,XRPUSDT,mmap,rings/binance_trade_chunk3,1,8967,2.5754,6574.4,,,,1761685924965,0,1761685925020,,,
2025-10-28T21:12:05.020Z,XRPUSDT,mmap,rings/binance_trade_chunk3,1,8968,2.5754,2,,,,1761685924965,0,1761685925020,,,
2025-10-28T21:12:05.020Z,XRPUSDT,mmap,rings/binance_trade_chunk3,1,8969,2.5754,2.1,,,,1761685924965,0,1761685925020,,,
2025-10-28T21:12:05.020Z,XRPUSDT,mmap,rings/binance_trade_chunk3,1,8970,2.5754,2.1,,,,1761685924965,0,1761685925020,,,
2025-10-28T21:12:05.020Z,XRPUSDT,mmap,rings/binance_trade_chunk3,1,8971,2.5754,2,,,,1761685924965,0,1761685925020,,,
2025-10-28T21:12:05.026Z,XRPUSDT,mmap,rings/binance_trade_chunk3,1,9132,2.5754,2.1,,,,1761685924981,0,1761685925026,,,
2025-10-28T21:12:05.311Z,XRPUSDT,mmap,rings/binance_trade_chunk3,1,9168,2.5755,2,,,,1761685925270,0,1761685925311,,,
2025-10-28T21:12:05.311Z,XRPUSDT,mmap,rings/binance_trade_chunk3,1,9169,2.5755,3,,,,1761685925270,0,1761685925311,,,
2025-10-28T21:12:05.311Z,XRPUSDT,mmap,rings/binance_trade_chunk3,1,9170,2.5755,42.9,,,,1761685925270,0,1761685925311,,,
2025-10-28T21:12:05.311Z,XRPUSDT,mmap,rings/binance_trade_chunk3,1,9171,2.5755,2.2,,,,1761685925270,0,1761685925311,,,
2025-10-28T21:12:05.311Z,XRPUSDT,mmap,rings/binance_trade_chunk3,1,9172,2.5755,2.1,,,,1761685925270,0,1761685925311,,,
2025-10-28T21:12:05.311Z,XRPUSDT,mmap,rings/binance_trade_chunk3,1,9173,2.5755,2.1,,,,1761685925271,0,1761685925311,,,
2025-10-28T21:12:05.311Z,XRPUSDT,mmap,rings/binance_trade_chunk3,1,9174,2.5755,2,,,,1761685925271,0,1761685925311,,,
2025-10-28T21:12:05.311Z,XRPUSDT,mmap,rings/binance_trade_chunk3,1,9175,2.5755,2.1,,,,1761685925271,0,1761685925311,,,
2025-10-28T21:12:05.311Z,XRPUSDT,mmap,rings/binance_trade_chunk3,1,9176,2.5756,2,,,,1761685925271,0,1761685925311,,,
2025-10-28T21:12:05.311Z,XRPUSDT,mmap,rings/binance_trade_chunk3,1,9177,2.5756,2.1,,,,1761685925271,0,1761685925311,,,
2025-10-28T21:12:05.311Z,XRPUSDT,mmap,rings/binance_trade_chunk3,1,9178,2.5756,2.1,,,,1761685925271,0,1761685925311,,,
2025-10-28T21:12:05.312Z,XRPUSDT,mmap,rings/binance_trade_chunk3,1,9179,2.5756,2,,,,1761685925271,0,1761685925311,,,
2025-10-28T21:12:05.312Z,XRPUSDT,mmap,rings/binance_trade_chunk3,1,9180,2.5756,2.1,,,,1761685925271,0,1761685925312,,,
2025-10-28T21:12:05.312Z,XRPUSDT,mmap,rings/binance_trade_chunk3,1,9181,2.5757,2,,,,1761685925271,0,1761685925312,,,
2025-10-28T21:12:05.312Z,XRPUSDT,mmap,rings/binance_trade_chunk3,1,9182,2.5757,5,,,,1761685925271,0,1761685925312,,,
2025-10-28T21:12:05.312Z,XRPUSDT,mmap,rings/binance_trade_chunk3,1,9183,2.5757,2.1,,,,1761685925271,0,1761685925312,,,
2025-10-28T21:12:05.312Z,XRPUSDT,mmap,rings/binance_trade_chunk3,1,9184,2.5757,2,,,,1761685925271,0,1761685925312,,,
2025-10-28T21:12:05.312Z,XRPUSDT,mmap,rings/binance_trade_chunk3,1,9185,2.5757,2,,,,1761685925271,0,1761685925312,,,
2025-10-28T21:12:05.312Z,XRPUSDT,mmap,rings/binance_trade_chunk3,1,9186,2.5758,2.2,,,,1761685925271,0,1761685925312,,,
2025-10-28T21:12:05.312Z,XRPUSDT,mmap,rings/binance_trade_chunk3,1,9187,2.5758,2,,,,1761685925271,0,1761685925312,,,
2025-10-28T21:12:05.312Z,XRPUSDT,mmap,rings/binance_trade_chunk3,1,9188,2.5758,3,,,,1761685925271,0,1761685925312,,,
2025-10-28T21:12:05.312Z,XRPUSDT,mmap,rings/binance_trade_chunk3,1,9189,2.5758,623.9,,,,1761685925271,0,1761685925312,,,
2025-10-28T21:12:05.319Z,XRPUSDT,mmap,rings/binance_trade_chunk3,1,9350,2.5758,1105,,,,1761685925277,0,1761685925319,,,
2025-10-28T21:12:05.319Z,XRPUSDT,mmap,rings/binance_trade_chunk3,1,9351,2.5758,2.1,,,,1761685925277,0,1761685925319,,,
2025-10-28T21:12:05.319Z,XRPUSDT,mmap,rings/binance_trade_chunk3,1,9352,2.5759,2,,,,1761685925277,0,1761685925319,,,
2025-10-28T21:12:05.319Z,XRPUSDT,mmap,rings/binance_trade_chunk3,1,9353,2.5759,385.4,,,,1761685925277,0,1761685925319,,,
2025-10-28T21:12:05.321Z,XRPUSDT,mmap,rings/binance_trade_chunk3,1,9404,2.5759,130.9,,,,1761685925279,0,1761685925321,,,
2025-10-28T21:12:05.323Z,XRPUSDT,mmap,rings/binance_trade_chunk3,1,9445,2.576,2,,,,1761685925280,0,1761685925323,,,
2025-10-28T21:12:05.323Z,XRPUSDT,mmap,rings/binance_trade_chunk3,1,9446,2.576,2,,,,1761685925280,0,1761685925323,,,
2025-10-28T21:12:05.323Z,XRPUSDT,mmap,rings/binance_trade_chunk3,1,9447,2.576,1209.9,,,,1761685925280,0,1761685925323,,,
2025-10-28T21:12:05.331Z,XRPUSDT,mmap,rings/binance_trade_chunk3,1,9637,2.576,970.5,,,,1761685925286,0,1761685925331,,,
2025-10-28T21:12:05.331Z,XRPUSDT,mmap,rings/binance_trade_chunk3,1,9638,2.5761,2,,,,1761685925286,0,1761685925331,,,
2025-10-28T21:12:05.331Z,XRPUSDT,mmap,rings/binance_trade_chunk3,1,9639,2.5761,3,,,,1761685925286,0,1761685925331,,,
2025-10-28T21:12:05.331Z,XRPUSDT,mmap,rings/binance_trade_chunk3,1,9640,2.5761,2.2,,,,1761685925286,0,1761685925331,,,
2025-10-28T21:12:05.331Z,XRPUSDT,mmap,rings/binance_trade_chunk3,1,9641,2.5761,2,,,,1761685925286,0,1761685925331,,,
2025-10-28T21:12:05.331Z,XRPUSDT,mmap,rings/binance_trade_chunk3,1,9642,2.5762,78.8,,,,1761685925286,0,1761685925331,,,
2025-10-28T21:12:05.331Z,XRPUSDT,mmap,rings/binance_trade_chunk3,1,9643,2.5762,1358.2,,,,1761685925286,0,1761685925331,,,
2025-10-28T21:12:05.337Z,XRPUSDT,mmap,rings/binance_trade_chunk3,1,9778,2.5762,288.7,,,,1761685925290,0,1761685925337,,,
2025-10-28T21:12:05.337Z,XRPUSDT,mmap,rings/binance_trade_chunk3,1,9779,2.5762,2,,,,1761685925290,0,1761685925337,,,
2025-10-28T21:12:05.337Z,XRPUSDT,mmap,rings/binance_trade_chunk3,1,9780,2.5763,2,,,,1761685925290,0,1761685925337,,,
2025-10-28T21:12:05.337Z,XRPUSDT,mmap,rings/binance_trade_chunk3,1,9781,2.5763,2,,,,1761685925290,0,1761685925337,,,
2025-10-28T21:12:05.337Z,XRPUSDT,mmap,rings/binance_trade_chunk3,1,9782,2.5764,3,,,,1761685925290,0,1761685925337,,,
2025-10-28T21:12:05.337Z,XRPUSDT,mmap,rings/binance_trade_chunk3,1,9783,2.5764,2,,,,1761685925290,0,1761685925337,,,
2025-10-28T21:12:05.337Z,XRPUSDT,mmap,rings/binance_trade_chunk3,1,9784,2.5764,3,,,,1761685925290,0,1761685925337,,,
2025-10-28T21:12:05.337Z,XRPUSDT,mmap,rings/binance_trade_chunk3,1,9785,2.5764,2.2,,,,1761685925290,0,1761685925337,,,
2025-10-28T21:12:05.338Z,XRPUSDT,mmap,rings/binance_trade_chunk3,1,9786,2.5764,2.2,,,,1761685925290,0,1761685925337,,,
2025-10-28T21:12:05.338Z,XRPUSDT,mmap,rings/binance_trade_chunk3,1,9787,2.5764,2,,,,1761685925290,0,1761685925338,,,
2025-10-28T21:12:05.341Z,XRPUSDT,mmap,rings/binance_trade_chunk3,1,9875,2.5765,38.8,,,,1761685925293,0,1761685925341,,,
2025-10-28T21:12:05.594Z,XRPUSDT,mmap,rings/binance_trade_chunk3,1,9964,2.5761,2,,,,1761685925535,0,1761685925594,,,
2025-10-28T21:12:05.594Z,XRPUSDT,mmap,rings/binance_trade_chunk3,1,9965,2.5761,2.1,,,,1761685925535,0,1761685925594,,,
2025-10-28T21:12:05.594Z,XRPUSDT,mmap,rings/binance_trade_chunk3,1,9966,2.5761,2.1,,,,1761685925535,0,1761685925594,,,
2025-10-28T21:12:05.594Z,XRPUSDT,mmap,rings/binance_trade_chunk3,1,9967,2.5761,2.1,,,,1761685925536,0,1761685925594,,,
2025-10-28T21:12:05.595Z,XRPUSDT,mmap,rings/binance_trade_chunk3,1,9981,2.5762,2.1,,,,1761685925536,0,1761685925595,,,
2025-10-28T21:12:05.595Z,XRPUSDT,mmap,rings/binance_trade_chunk3,1,9982,2.5762,0.1,,,,1761685925536,0,1761685925595,,,
2025-10-28T21:12:05.600Z,XRPUSDT,mmap,rings/binance_trade_chunk3,1,10105,2.5762,2,,,,1761685925540,0,1761685925600,,,
2025-10-28T21:12:05.600Z,XRPUSDT,mmap,rings/binance_trade_chunk3,1,10106,2.5762,2,,,,1761685925540,0,1761685925600,,,
2025-10-28T21:12:05.600Z,XRPUSDT,mmap,rings/binance_trade_chunk3,1,10107,2.5762,2,,,,1761685925540,0,1761685925600,,,
2025-10-28T21:12:05.600Z,XRPUSDT,mmap,rings/binance_trade_chunk3,1,10108,2.5762,2,,,,1761685925540,0,1761685925600,,,
2025-10-28T21:12:05.600Z,XRPUSDT,mmap,rings/binance_trade_chunk3,1,10109,2.5762,2,,,,1761685925540,0,1761685925600,,,
2025-10-28T21:12:05.600Z,XRPUSDT,mmap,rings/binance_trade_chunk3,1,10110,2.5762,2.1,,,,1761685925540,0,1761685925600,,,
2025-10-28T21:12:05.600Z,XRPUSDT,mmap,rings/binance_trade_chunk3,1,10111,2.5762,2.1,,,,1761685925540,0,1761685925600,,,
