ts_iso,symbol,source,subsource,kind,seq_or_tradeid,px,sz,bid,ask,mid,recv_ts,ws_ts,arrival_ms,note
2025-11-10T14:04:39.915Z,SOLUSDT,mmap,./rings/binance_trade_chunk3,1,210720,168.72,0.06,,,,1762783478875,0,1762783478922,
2025-11-10T14:04:39.915Z,SOLUSDT,mmap,./rings/binance_trade_chunk3,1,210721,168.72,0.03,,,,1762783478875,0,1762783478922,
2025-11-10T14:04:39.915Z,SOLUSDT,mmap,./rings/binance_trade_chunk3,1,210722,168.72,0.032,,,,1762783478875,0,1762783478922,
2025-11-10T14:04:39.915Z,SOLUSDT,mmap,./rings/binance_trade_chunk3,1,210723,168.72,0.032,,,,1762783478875,0,1762783478922,
2025-11-10T14:04:39.915Z,SOLUSDT,mmap,./rings/binance_trade_chunk3,1,210724,168.72,0.048,,,,1762783478875,0,1762783478922,
2025-11-10T14:04:39.915Z,SOLUSDT,mmap,./rings/binance_trade_chunk3,1,210725,168.72,0.032,,,,1762783478875,0,1762783478922,
2025-11-10T14:04:39.915Z,SOLUSDT,mmap,./rings/binance_trade_chunk3,1,210726,168.72,0.032,,,,1762783478875,0,1762783478922,
2025-11-10T14:04:39.915Z,SOLUSDT,mmap,./rings/binance_trade_chunk3,1,210727,168.72,0.031,,,,1762783478875,0,1762783478922,
2025-11-10T14:04:39.915Z,SOLUSDT,mmap,./rings/binance_trade_chunk3,1,210728,168.72,0.001,,,,1762783478876,0,1762783478922,
2025-11-10T14:04:39.915Z,SOLUSDT,mmap,./rings/binance_trade_chunk3,1,210729,168.72,0.032,,,,1762783478876,0,1762783478922,
2025-11-10T14:04:39.915Z,SOLUSDT,mmap,./rings/binance_trade_chunk3,1,210730,168.72,0.032,,,,1762783478876,0,1762783478922,
2025-11-10T14:04:39.915Z,SOLUSDT,mmap,./rings/binance_trade_chunk3,1,210731,168.72,0.032,,,,1762783478876,0,1762783478922,
2025-11-10T14:04:39.915Z,SOLUSDT,mmap,./rings/binance_trade_chunk3,1,210732,168.72,0.032,,,,1762783478876,0,1762783478922,
2025-11-10T14:04:39.915Z,SOLUSDT,mmap,./rings/binance_trade_chunk3,1,210733,168.72,0.032,,,,1762783478876,0,1762783478922,
2025-11-10T14:04:39.915Z,SOLUSDT,mmap,./rings/binance_trade_chunk3,1,210734,168.72,0.03,,,,1762783478876,0,1762783478922,
2025-11-10T14:04:39.915Z,SOLUSDT,mmap,./rings/binance_trade_chunk3,1,210735,168.72,0.303,,,,1762783478877,0,1762783478922,
2025-11-10T14:04:39.915Z,SOLUSDT,mmap,./rings/binance_trade_chunk3,1,210736,168.72,4.365,,,,1762783478877,0,1762783478922,
2025-11-10T14:04:39.915Z,SOLUSDT,mmap,./rings/binance_trade_chunk3,1,210900,168.71,6.416,,,,1762783479326,0,1762783479331,
2025-11-10T14:04:39.915Z,SOLUSDT,mmap,./rings/binance_trade_chunk3,1,210937,168.71,4.006,,,,1762783479554,0,1762783479587,
2025-11-10T14:04:39.915Z,SOLUSDT,ws,ws,1,1703874462,168.72,0.029,,,,0,1762783479760,1762783479914,
2025-11-10T14:04:39.942Z,SOLUSDT,mmap,./rings/binance_trade_chunk3,1,210970,168.72,0.029,,,,1762783479902,0,1762783479942,
2025-11-10T14:04:40.135Z,SOLUSDT,ws,ws,1,1703874463,168.71,2.5,,,,0,1762783479955,1762783480135,
2025-11-10T14:04:40.147Z,SOLUSDT,mmap,./rings/binance_trade_chunk3,1,211020,168.71,2.5,,,,1762783480134,0,1762783480147,
2025-11-10T14:04:40.198Z,SOLUSDT,ws,ws,1,1703874464,168.71,16.508,,,,0,1762783480042,1762783480198,
2025-11-10T14:04:40.198Z,SOLUSDT,ws,ws,1,1703874465,168.71,0.035,,,,0,1762783480042,1762783480198,
2025-11-10T14:04:40.198Z,SOLUSDT,ws,ws,1,1703874466,168.71,0.303,,,,0,1762783480042,1762783480198,
2025-11-10T14:04:40.198Z,SOLUSDT,ws,ws,1,1703874467,168.71,0.032,,,,0,1762783480042,1762783480198,
2025-11-10T14:04:40.198Z,SOLUSDT,ws,ws,1,1703874468,168.71,0.032,,,,0,1762783480042,1762783480198,
2025-11-10T14:04:40.198Z,SOLUSDT,ws,ws,1,1703874469,168.71,1.614,,,,0,1762783480042,1762783480198,
2025-11-10T14:04:40.198Z,SOLUSDT,ws,ws,1,1703874470,168.71,0.032,,,,0,1762783480042,1762783480198,
2025-11-10T14:04:40.198Z,SOLUSDT,ws,ws,1,1703874471,168.71,0.087,,,,0,1762783480042,1762783480198,
2025-11-10T14:04:40.198Z,SOLUSDT,ws,ws,1,1703874472,168.71,2.799,,,,0,1762783480042,1762783480198,
2025-11-10T14:04:40.199Z,SOLUSDT,mmap,./rings/binance_trade_chunk3,1,211058,168.71,16.508,,,,1762783480184,0,1762783480199,
2025-11-10T14:04:40.199Z,SOLUSDT,mmap,./rings/binance_trade_chunk3,1,211059,168.71,0.035,,,,1762783480185,0,1762783480199,
2025-11-10T14:04:40.199Z,SOLUSDT,mmap,./rings/binance_trade_chunk3,1,211060,168.71,0.303,,,,1762783480185,0,1762783480199,
2025-11-10T14:04:40.199Z,SOLUSDT,mmap,./rings/binance_trade_chunk3,1,211061,168.71,0.032,,,,1762783480185,0,1762783480199,
2025-11-10T14:04:40.199Z,SOLUSDT,mmap,./rings/binance_trade_chunk3,1,211062,168.71,0.032,,,,1762783480185,0,1762783480199,
2025-11-10T14:04:40.199Z,SOLUSDT,mmap,./rings/binance_trade_chunk3,1,211063,168.71,1.614,,,,1762783480185,0,1762783480199,
2025-11-10T14:04:40.199Z,SOLUSDT,mmap,./rings/binance_trade_chunk3,1,211064,168.71,0.032,,,,1762783480185,0,1762783480199,
2025-11-10T14:04:40.199Z,SOLUSDT,mmap,./rings/binance_trade_chunk3,1,211065,168.71,0.087,,,,1762783480185,0,1762783480199,
2025-11-10T14:04:40.199Z,SOLUSDT,mmap,./rings/binance_trade_chunk3,1,211066,168.71,2.799,,,,1762783480185,0,1762783480199,
2025-11-10T14:04:40.265Z,SOLUSDT,ws,ws,1,1703874473,168.72,0.055,,,,0,1762783480113,1762783480265,
2025-11-10T14:04:40.282Z,SOLUSDT,ws,ws,1,1703874474,168.71,1.417,,,,0,1762783480127,1762783480282,
2025-11-10T14:04:40.282Z,SOLUSDT,ws,ws,1,1703874475,168.71,0.032,,,,0,1762783480127,1762783480282,
2025-11-10T14:04:40.282Z,SOLUSDT,ws,ws,1,1703874476,168.71,0.032,,,,0,1762783480127,1762783480282,
2025-11-10T14:04:40.282Z,SOLUSDT,ws,ws,1,1703874477,168.71,0.032,,,,0,1762783480127,1762783480282,
2025-11-10T14:04:40.302Z,SOLUSDT,mmap,./rings/binance_trade_chunk3,1,211073,168.72,0.055,,,,1762783480255,0,1762783480302,
2025-11-10T14:04:40.302Z,SOLUSDT,mmap,./rings/binance_trade_chunk3,1,211075,168.71,1.417,,,,1762783480270,0,1762783480302,
2025-11-10T14:04:40.302Z,SOLUSDT,mmap,./rings/binance_trade_chunk3,1,211076,168.71,0.032,,,,1762783480270,0,1762783480302,
2025-11-10T14:04:40.302Z,SOLUSDT,mmap,./rings/binance_trade_chunk3,1,211077,168.71,0.032,,,,1762783480270,0,1762783480302,
2025-11-10T14:04:40.302Z,SOLUSDT,mmap,./rings/binance_trade_chunk3,1,211078,168.71,0.032,,,,1762783480270,0,1762783480302,
2025-11-10T14:04:40.351Z,SOLUSDT,ws,ws,1,1703874478,168.7,0.035,,,,0,1762783480195,1762783480351,
2025-11-10T14:04:40.351Z,SOLUSDT,ws,ws,1,1703874479,168.7,0.032,,,,0,1762783480195,1762783480351,
2025-11-10T14:04:40.351Z,SOLUSDT,ws,ws,1,1703874480,168.7,0.032,,,,0,1762783480195,1762783480351,
2025-11-10T14:04:40.351Z,SOLUSDT,ws,ws,1,1703874481,168.7,0.06,,,,0,1762783480195,1762783480351,
2025-11-10T14:04:40.351Z,SOLUSDT,ws,ws,1,1703874482,168.7,0.06,,,,0,1762783480195,1762783480351,
2025-11-10T14:04:40.351Z,SOLUSDT,ws,ws,1,1703874483,168.7,1.783,,,,0,1762783480195,1762783480351,
2025-11-10T14:04:40.353Z,SOLUSDT,mmap,./rings/binance_trade_chunk3,1,211090,168.7,0.035,,,,1762783480337,0,1762783480353,
2025-11-10T14:04:40.353Z,SOLUSDT,mmap,./rings/binance_trade_chunk3,1,211091,168.7,0.032,,,,1762783480338,0,1762783480353,
2025-11-10T14:04:40.353Z,SOLUSDT,mmap,./rings/binance_trade_chunk3,1,211092,168.7,0.032,,,,1762783480338,0,1762783480353,
2025-11-10T14:04:40.353Z,SOLUSDT,mmap,./rings/binance_trade_chunk3,1,211093,168.7,0.06,,,,1762783480338,0,1762783480353,
2025-11-10T14:04:40.353Z,SOLUSDT,mmap,./rings/binance_trade_chunk3,1,211094,168.7,0.06,,,,1762783480338,0,1762783480353,
2025-11-10T14:04:40.353Z,SOLUSDT,mmap,./rings/binance_trade_chunk3,1,211095,168.7,1.783,,,,1762783480338,0,1762783480353,
2025-11-10T14:04:41.111Z,SOLUSDT,ws,ws,1,1703874484,168.71,0.864,,,,0,1762783480960,1762783481111,
2025-11-10T14:04:41.119Z,SOLUSDT,mmap,./rings/binance_trade_chunk3,1,211247,168.71,0.864,,,,1762783481102,0,1762783481119,
2025-11-10T14:04:41.221Z,SOLUSDT,mmap,./rings/binance_trade_chunk3,1,211272,168.71,0.545,,,,1762783481205,0,1762783481221,
2025-11-10T14:04:41.226Z,SOLUSDT,ws,ws,1,1703874485,168.71,0.545,,,,0,1762783481063,1762783481226,
2025-11-10T14:04:41.550Z,SOLUSDT,ws,ws,1,1703874486,168.71,0.03,,,,0,1762783481397,1762783481550,
2025-11-10T14:04:41.550Z,SOLUSDT,ws,ws,1,1703874487,168.71,0.303,,,,0,1762783481397,1762783481550,
2025-11-10T14:04:41.550Z,SOLUSDT,ws,ws,1,1703874488,168.71,0.032,,,,0,1762783481397,1762783481550,
2025-11-10T14:04:41.550Z,SOLUSDT,ws,ws,1,1703874489,168.71,0.035,,,,0,1762783481397,1762783481550,
2025-11-10T14:04:41.550Z,SOLUSDT,ws,ws,1,1703874490,168.71,0.032,,,,0,1762783481397,1762783481550,
2025-11-10T14:04:41.551Z,SOLUSDT,ws,ws,1,1703874491,168.71,0.032,,,,0,1762783481397,1762783481550,
2025-11-10T14:04:41.551Z,SOLUSDT,ws,ws,1,1703874492,168.71,0.032,,,,0,1762783481397,1762783481551,
2025-11-10T14:04:41.551Z,SOLUSDT,ws,ws,1,1703874493,168.71,0.032,,,,0,1762783481397,1762783481551,
2025-11-10T14:04:41.551Z,SOLUSDT,ws,ws,1,1703874494,168.71,0.032,,,,0,1762783481397,1762783481551,
2025-11-10T14:04:41.551Z,SOLUSDT,ws,ws,1,1703874495,168.71,0.032,,,,0,1762783481397,1762783481551,
2025-11-10T14:04:41.551Z,SOLUSDT,ws,ws,1,1703874496,168.71,0.032,,,,0,1762783481397,1762783481551,
2025-11-10T14:04:41.551Z,SOLUSDT,ws,ws,1,1703874497,168.71,0.048,,,,0,1762783481397,1762783481551,
2025-11-10T14:04:41.551Z,SOLUSDT,ws,ws,1,1703874498,168.71,0.032,,,,0,1762783481397,1762783481551,
2025-11-10T14:04:41.551Z,SOLUSDT,ws,ws,1,1703874499,168.71,0.032,,,,0,1762783481397,1762783481551,
2025-11-10T14:04:41.551Z,SOLUSDT,ws,ws,1,1703874500,168.71,0.118,,,,0,1762783481397,1762783481551,
2025-11-10T14:04:41.551Z,SOLUSDT,ws,ws,1,1703874501,168.71,1.612,,,,0,1762783481397,1762783481551,
2025-11-10T14:04:41.551Z,SOLUSDT,ws,ws,1,1703874502,168.71,0.031,,,,0,1762783481397,1762783481551,
2025-11-10T14:04:41.551Z,SOLUSDT,ws,ws,1,1703874503,168.71,0.031,,,,0,1762783481397,1762783481551,
2025-11-10T14:04:41.551Z,SOLUSDT,ws,ws,1,1703874504,168.71,0.032,,,,0,1762783481397,1762783481551,
2025-11-10T14:04:41.551Z,SOLUSDT,ws,ws,1,1703874505,168.71,0.032,,,,0,1762783481397,1762783481551,
2025-11-10T14:04:41.551Z,SOLUSDT,ws,ws,1,1703874506,168.71,0.032,,,,0,1762783481397,1762783481551,
2025-11-10T14:04:41.583Z,SOLUSDT,mmap,./rings/binance_trade_chunk3,1,211435,168.71,0.03,,,,1762783481541,0,1762783481582,
2025-11-10T14:04:41.583Z,SOLUSDT,mmap,./rings/binance_trade_chunk3,1,211436,168.71,0.303,,,,1762783481541,0,1762783481583,
2025-11-10T14:04:41.583Z,SOLUSDT,mmap,./rings/binance_trade_chunk3,1,211437,168.71,0.032,,,,1762783481541,0,1762783481583,
2025-11-10T14:04:41.583Z,SOLUSDT,mmap,./rings/binance_trade_chunk3,1,211438,168.71,0.035,,,,1762783481541,0,1762783481583,
2025-11-10T14:04:41.583Z,SOLUSDT,mmap,./rings/binance_trade_chunk3,1,211439,168.71,0.032,,,,1762783481541,0,1762783481583,
2025-11-10T14:04:41.583Z,SOLUSDT,mmap,./rings/binance_trade_chunk3,1,211440,168.71,0.032,,,,1762783481541,0,1762783481583,
2025-11-10T14:04:41.583Z,SOLUSDT,mmap,./rings/binance_trade_chunk3,1,211441,168.71,0.032,,,,1762783481541,0,1762783481583,
2025-11-10T14:04:41.583Z,SOLUSDT,mmap,./rings/binance_trade_chunk3,1,211442,168.71,0.032,,,,1762783481541,0,1762783481583,
2025-11-10T14:04:41.583Z,SOLUSDT,mmap,./rings/binance_trade_chunk3,1,211443,168.71,0.032,,,,1762783481541,0,1762783481583,
2025-11-10T14:04:41.583Z,SOLUSDT,mmap,./rings/binance_trade_chunk3,1,211444,168.71,0.032,,,,1762783481541,0,1762783481583,
2025-11-10T14:04:41.583Z,SOLUSDT,mmap,./rings/binance_trade_chunk3,1,211445,168.71,0.032,,,,1762783481541,0,1762783481583,
2025-11-10T14:04:41.583Z,SOLUSDT,mmap,./rings/binance_trade_chunk3,1,211446,168.71,0.048,,,,1762783481541,0,1762783481583,
2025-11-10T14:04:41.583Z,SOLUSDT,mmap,./rings/binance_trade_chunk3,1,211447,168.71,0.032,,,,1762783481541,0,1762783481583,
2025-11-10T14:04:41.583Z,SOLUSDT,mmap,./rings/binance_trade_chunk3,1,211448,168.71,0.032,,,,1762783481541,0,1762783481583,
2025-11-10T14:04:41.584Z,SOLUSDT,mmap,./rings/binance_trade_chunk3,1,211449,168.71,0.118,,,,1762783481541,0,1762783481583,
2025-11-10T14:04:41.584Z,SOLUSDT,mmap,./rings/binance_trade_chunk3,1,211450,168.71,1.612,,,,1762783481541,0,1762783481584,
2025-11-10T14:04:41.584Z,SOLUSDT,mmap,./rings/binance_trade_chunk3,1,211451,168.71,0.031,,,,1762783481541,0,1762783481584,
2025-11-10T14:04:41.584Z,SOLUSDT,mmap,./rings/binance_trade_chunk3,1,211452,168.71,0.031,,,,1762783481541,0,1762783481584,
2025-11-10T14:04:41.584Z,SOLUSDT,mmap,./rings/binance_trade_chunk3,1,211453,168.71,0.032,,,,1762783481541,0,1762783481584,
2025-11-10T14:04:41.584Z,SOLUSDT,mmap,./rings/binance_trade_chunk3,1,211454,168.71,0.032,,,,1762783481541,0,1762783481584,
2025-11-10T14:04:41.584Z,SOLUSDT,mmap,./rings/binance_trade_chunk3,1,211455,168.71,0.032,,,,1762783481541,0,1762783481584,
2025-11-10T14:04:41.614Z,SOLUSDT,ws,ws,1,1703874507,168.72,0.14,,,,0,1762783481456,1762783481614,
2025-11-10T14:04:41.635Z,SOLUSDT,mmap,./rings/binance_trade_chunk3,1,211487,168.72,0.14,,,,1762783481598,0,1762783481635,
2025-11-10T14:04:42.474Z,SOLUSDT,ws,ws,1,1703874508,168.71,0.055,,,,0,1762783482320,1762783482474,
2025-11-10T14:04:42.505Z,SOLUSDT,mmap,./rings/binance_trade_chunk3,1,211665,168.71,0.055,,,,1762783482462,0,1762783482505,
2025-11-10T14:04:43.492Z,SOLUSDT,ws,ws,1,1703874509,168.72,0.068,,,,0,1762783483340,1762783483492,
2025-11-10T14:04:43.492Z,SOLUSDT,ws,ws,1,1703874510,168.72,0.048,,,,0,1762783483340,1762783483492,
2025-11-10T14:04:43.492Z,SOLUSDT,ws,ws,1,1703874511,168.72,0.032,,,,0,1762783483340,1762783483492,
2025-11-10T14:04:43.492Z,SOLUSDT,ws,ws,1,1703874512,168.72,0.032,,,,0,1762783483340,1762783483492,
2025-11-10T14:04:43.492Z,SOLUSDT,ws,ws,1,1703874513,168.72,0.03,,,,0,1762783483340,1762783483492,
2025-11-10T14:04:43.492Z,SOLUSDT,ws,ws,1,1703874514,168.72,0.06,,,,0,1762783483340,1762783483492,
2025-11-10T14:04:43.492Z,SOLUSDT,ws,ws,1,1703874515,168.72,0.06,,,,0,1762783483340,1762783483492,
2025-11-10T14:04:43.493Z,SOLUSDT,ws,ws,1,1703874516,168.72,0.032,,,,0,1762783483340,1762783483492,
2025-11-10T14:04:43.493Z,SOLUSDT,ws,ws,1,1703874517,168.72,0.032,,,,0,1762783483340,1762783483493,
2025-11-10T14:04:43.493Z,SOLUSDT,ws,ws,1,1703874518,168.72,0.031,,,,0,1762783483340,1762783483493,
2025-11-10T14:04:43.493Z,SOLUSDT,ws,ws,1,1703874519,168.72,0.031,,,,0,1762783483340,1762783483493,
2025-11-10T14:04:43.493Z,SOLUSDT,ws,ws,1,1703874520,168.72,0.031,,,,0,1762783483340,1762783483493,
2025-11-10T14:04:43.493Z,SOLUSDT,ws,ws,1,1703874521,168.72,0.032,,,,0,1762783483340,1762783483493,
2025-11-10T14:04:43.493Z,SOLUSDT,ws,ws,1,1703874522,168.72,0.032,,,,0,1762783483340,1762783483493,
2025-11-10T14:04:43.493Z,SOLUSDT,ws,ws,1,1703874523,168.72,0.032,,,,0,1762783483340,1762783483493,
2025-11-10T14:04:43.493Z,SOLUSDT,ws,ws,1,1703874524,168.72,0.032,,,,0,1762783483340,1762783483493,
2025-11-10T14:04:43.493Z,SOLUSDT,ws,ws,1,1703874525,168.72,0.032,,,,0,1762783483340,1762783483493,
2025-11-10T14:04:43.493Z,SOLUSDT,ws,ws,1,1703874526,168.72,0.032,,,,0,1762783483340,1762783483493,
2025-11-10T14:04:43.493Z,SOLUSDT,ws,ws,1,1703874527,168.72,0.212,,,,0,1762783483340,1762783483493,
2025-11-10T14:04:43.534Z,SOLUSDT,mmap,./rings/binance_trade_chunk3,1,211878,168.72,0.068,,,,1762783483483,0,1762783483534,
2025-11-10T14:04:43.534Z,SOLUSDT,mmap,./rings/binance_trade_chunk3,1,211879,168.72,0.048,,,,1762783483483,0,1762783483534,
2025-11-10T14:04:43.534Z,SOLUSDT,mmap,./rings/binance_trade_chunk3,1,211880,168.72,0.032,,,,1762783483483,0,1762783483534,
2025-11-10T14:04:43.534Z,SOLUSDT,mmap,./rings/binance_trade_chunk3,1,211881,168.72,0.032,,,,1762783483483,0,1762783483534,
2025-11-10T14:04:43.534Z,SOLUSDT,mmap,./rings/binance_trade_chunk3,1,211882,168.72,0.03,,,,1762783483483,0,1762783483534,
2025-11-10T14:04:43.534Z,SOLUSDT,mmap,./rings/binance_trade_chunk3,1,211883,168.72,0.06,,,,1762783483483,0,1762783483534,
2025-11-10T14:04:43.534Z,SOLUSDT,mmap,./rings/binance_trade_chunk3,1,211884,168.72,0.06,,,,1762783483483,0,1762783483534,
2025-11-10T14:04:43.534Z,SOLUSDT,mmap,./rings/binance_trade_chunk3,1,211885,168.72,0.032,,,,1762783483483,0,1762783483534,
2025-11-10T14:04:43.534Z,SOLUSDT,mmap,./rings/binance_trade_chunk3,1,211886,168.72,0.032,,,,1762783483483,0,1762783483534,
2025-11-10T14:04:43.534Z,SOLUSDT,mmap,./rings/binance_trade_chunk3,1,211887,168.72,0.031,,,,1762783483483,0,1762783483534,
2025-11-10T14:04:43.534Z,SOLUSDT,mmap,./rings/binance_trade_chunk3,1,211888,168.72,0.031,,,,1762783483483,0,1762783483534,
2025-11-10T14:04:43.534Z,SOLUSDT,mmap,./rings/binance_trade_chunk3,1,211889,168.72,0.031,,,,1762783483483,0,1762783483534,
2025-11-10T14:04:43.534Z,SOLUSDT,mmap,./rings/binance_trade_chunk3,1,211890,168.72,0.032,,,,1762783483483,0,1762783483534,
2025-11-10T14:04:43.534Z,SOLUSDT,mmap,./rings/binance_trade_chunk3,1,211891,168.72,0.032,,,,1762783483483,0,1762783483534,
2025-11-10T14:04:43.534Z,SOLUSDT,mmap,./rings/binance_trade_chunk3,1,211892,168.72,0.032,,,,1762783483483,0,1762783483534,
2025-11-10T14:04:43.534Z,SOLUSDT,mmap,./rings/binance_trade_chunk3,1,211893,168.72,0.032,,,,1762783483483,0,1762783483534,
2025-11-10T14:04:43.534Z,SOLUSDT,mmap,./rings/binance_trade_chunk3,1,211894,168.72,0.032,,,,1762783483483,0,1762783483534,
2025-11-10T14:04:43.534Z,SOLUSDT,mmap,./rings/binance_trade_chunk3,1,211895,168.72,0.032,,,,1762783483483,0,1762783483534,
2025-11-10T14:04:43.534Z,SOLUSDT,mmap,./rings/binance_trade_chunk3,1,211896,168.72,0.212,,,,1762783483483,0,1762783483534,
2025-11-10T14:04:43.713Z,SOLUSDT,ws,ws,1,1703874528,168.72,0.031,,,,0,1762783483561,1762783483712,
2025-11-10T14:04:43.713Z,SOLUSDT,ws,ws,1,1703874529,168.72,0.365,,,,0,1762783483561,1762783483713,
2025-11-10T14:04:43.713Z,SOLUSDT,ws,ws,1,1703874530,168.72,0.001,,,,0,1762783483561,1762783483713,
2025-11-10T14:04:43.739Z,SOLUSDT,mmap,./rings/binance_trade_chunk3,1,211968,168.72,0.031,,,,1762783483703,0,1762783483739,
2025-11-10T14:04:43.739Z,SOLUSDT,mmap,./rings/binance_trade_chunk3,1,211969,168.72,0.365,,,,1762783483703,0,1762783483739,
2025-11-10T14:04:43.739Z,SOLUSDT,mmap,./rings/binance_trade_chunk3,1,211970,168.72,0.001,,,,1762783483703,0,1762783483739,
2025-11-10T14:04:44.193Z,SOLUSDT,ws,ws,1,1703874531,168.72,1.972,,,,0,1762783484040,1762783484193,
2025-11-10T14:04:44.200Z,SOLUSDT,mmap,./rings/binance_trade_chunk3,1,212159,168.72,1.972,,,,1762783484182,0,1762783484200,
2025-11-10T14:04:44.400Z,SOLUSDT,ws,ws,1,1703874532,168.71,0.151,,,,0,1762783484245,1762783484400,
2025-11-10T14:04:44.403Z,SOLUSDT,mmap,./rings/binance_trade_chunk3,1,212205,168.71,0.151,,,,1762783484387,0,1762783484403,
2025-11-10T14:04:44.660Z,SOLUSDT,mmap,./rings/binance_trade_chunk3,1,212275,168.72,0.055,,,,1762783484655,0,1762783484660,
2025-11-10T14:04:44.665Z,SOLUSDT,ws,ws,1,1703874533,168.72,0.055,,,,0,1762783484513,1762783484665,
2025-11-10T14:04:44.967Z,SOLUSDT,mmap,./rings/binance_trade_chunk3,1,212458,168.72,3.912,,,,1762783484964,0,1762783484967,
2025-11-10T14:04:44.967Z,SOLUSDT,mmap,./rings/binance_trade_chunk3,1,212459,168.72,4.433,,,,1762783484964,0,1762783484967,
2025-11-10T14:04:44.974Z,SOLUSDT,ws,ws,1,1703874534,168.72,3.912,,,,0,1762783484822,1762783484974,
2025-11-10T14:04:44.974Z,SOLUSDT,ws,ws,1,1703874535,168.72,4.433,,,,0,1762783484822,1762783484974,
2025-11-10T14:04:45.034Z,SOLUSDT,ws,ws,1,1703874536,168.72,0.592,,,,0,1762783484882,1762783485034,
2025-11-10T14:04:45.070Z,SOLUSDT,mmap,./rings/binance_trade_chunk3,1,212472,168.72,0.592,,,,1762783485024,0,1762783485070,
2025-11-10T14:04:45.404Z,SOLUSDT,ws,ws,1,1703874537,168.72,0.915,,,,0,1762783485248,1762783485404,
2025-11-10T14:04:45.404Z,SOLUSDT,ws,ws,1,1703874538,168.72,1.841,,,,0,1762783485248,1762783485404,
2025-11-10T14:04:45.424Z,SOLUSDT,mmap,./rings/binance_trade_chunk3,1,212512,168.72,0.915,,,,1762783485390,0,1762783485424,
2025-11-10T14:04:45.424Z,SOLUSDT,mmap,./rings/binance_trade_chunk3,1,212513,168.72,1.841,,,,1762783485390,0,1762783485424,
2025-11-10T14:04:45.488Z,SOLUSDT,ws,ws,1,1703874539,168.71,1.481,,,,0,1762783485335,1762783485488,
2025-11-10T14:04:45.488Z,SOLUSDT,ws,ws,1,1703874540,168.72,1.851,,,,0,1762783485336,1762783485488,
2025-11-10T14:04:45.526Z,SOLUSDT,mmap,./rings/binance_trade_chunk3,1,212522,168.71,1.481,,,,1762783485478,0,1762783485526,
2025-11-10T14:04:45.526Z,SOLUSDT,mmap,./rings/binance_trade_chunk3,1,212523,168.72,1.851,,,,1762783485478,0,1762783485526,
2025-11-10T14:04:45.707Z,SOLUSDT,ws,ws,1,1703874541,168.72,0.323,,,,0,1762783485556,1762783485707,
2025-11-10T14:04:45.731Z,SOLUSDT,mmap,./rings/binance_trade_chunk3,1,212563,168.72,0.323,,,,1762783485698,0,1762783485731,
2025-11-10T14:04:46.538Z,SOLUSDT,ws,ws,1,1703874542,168.72,0.703,,,,0,1762783486386,1762783486538,
2025-11-10T14:04:46.545Z,SOLUSDT,mmap,./rings/binance_trade_chunk3,1,212696,168.72,0.703,,,,1762783486529,0,1762783486544,
2025-11-10T14:04:46.669Z,SOLUSDT,ws,ws,1,1703874543,168.71,0.055,,,,0,1762783486517,1762783486669,
2025-11-10T14:04:46.696Z,SOLUSDT,mmap,./rings/binance_trade_chunk3,1,212708,168.71,0.055,,,,1762783486659,0,1762783486696,
2025-11-10T14:04:47.460Z,SOLUSDT,ws,ws,1,1703874544,168.72,0.087,,,,0,1762783487307,1762783487460,
2025-11-10T14:04:47.462Z,SOLUSDT,mmap,./rings/binance_trade_chunk3,1,212805,168.72,0.087,,,,1762783487455,0,1762783487462,
2025-11-10T14:04:47.462Z,SOLUSDT,mmap,./rings/binance_trade_chunk3,1,212807,168.72,1.135,,,,1762783487459,0,1762783487462,
2025-11-10T14:04:47.462Z,SOLUSDT,mmap,./rings/binance_trade_chunk3,1,212808,168.72,0.032,,,,1762783487459,0,1762783487462,
2025-11-10T14:04:47.462Z,SOLUSDT,mmap,./rings/binance_trade_chunk3,1,212809,168.72,0.032,,,,1762783487460,0,1762783487462,
2025-11-10T14:04:47.462Z,SOLUSDT,mmap,./rings/binance_trade_chunk3,1,212810,168.72,0.032,,,,1762783487460,0,1762783487462,
2025-11-10T14:04:47.462Z,SOLUSDT,mmap,./rings/binance_trade_chunk3,1,212811,168.72,0.032,,,,1762783487460,0,1762783487462,
2025-11-10T14:04:47.462Z,SOLUSDT,mmap,./rings/binance_trade_chunk3,1,212812,168.72,0.048,,,,1762783487460,0,1762783487462,
2025-11-10T14:04:47.462Z,SOLUSDT,mmap,./rings/binance_trade_chunk3,1,212813,168.72,0.032,,,,1762783487460,0,1762783487462,
2025-11-10T14:04:47.462Z,SOLUSDT,mmap,./rings/binance_trade_chunk3,1,212814,168.72,0.032,,,,1762783487460,0,1762783487462,
2025-11-10T14:04:47.462Z,SOLUSDT,mmap,./rings/binance_trade_chunk3,1,212815,168.72,0.03,,,,1762783487460,0,1762783487462,
2025-11-10T14:04:47.463Z,SOLUSDT,mmap,./rings/binance_trade_chunk3,1,212816,168.72,0.032,,,,1762783487460,0,1762783487462,
2025-11-10T14:04:47.463Z,SOLUSDT,mmap,./rings/binance_trade_chunk3,1,212817,168.72,0.032,,,,1762783487460,0,1762783487463,
2025-11-10T14:04:47.463Z,SOLUSDT,mmap,./rings/binance_trade_chunk3,1,212818,168.72,0.032,,,,1762783487460,0,1762783487463,
2025-11-10T14:04:47.463Z,SOLUSDT,mmap,./rings/binance_trade_chunk3,1,212819,168.72,0.032,,,,1762783487460,0,1762783487463,
2025-11-10T14:04:47.463Z,SOLUSDT,mmap,./rings/binance_trade_chunk3,1,212820,168.72,0.303,,,,1762783487461,0,1762783487463,
2025-11-10T14:04:47.463Z,SOLUSDT,mmap,./rings/binance_trade_chunk3,1,212821,168.72,0.119,,,,1762783487461,0,1762783487463,
2025-11-10T14:04:47.463Z,SOLUSDT,mmap,./rings/binance_trade_chunk3,1,212822,168.72,0.001,,,,1762783487461,0,1762783487463,
2025-11-10T14:04:47.469Z,SOLUSDT,ws,ws,1,1703874545,168.72,1.135,,,,0,1762783487316,1762783487469,
2025-11-10T14:04:47.469Z,SOLUSDT,ws,ws,1,1703874546,168.72,0.032,,,,0,1762783487316,1762783487469,
2025-11-10T14:04:47.469Z,SOLUSDT,ws,ws,1,1703874547,168.72,0.032,,,,0,1762783487316,1762783487469,
2025-11-10T14:04:47.469Z,SOLUSDT,ws,ws,1,1703874548,168.72,0.032,,,,0,1762783487316,1762783487469,
2025-11-10T14:04:47.469Z,SOLUSDT,ws,ws,1,1703874549,168.72,0.032,,,,0,1762783487316,1762783487469,
2025-11-10T14:04:47.469Z,SOLUSDT,ws,ws,1,1703874550,168.72,0.048,,,,0,1762783487316,1762783487469,
2025-11-10T14:04:47.469Z,SOLUSDT,ws,ws,1,1703874551,168.72,0.032,,,,0,1762783487316,1762783487469,
2025-11-10T14:04:47.469Z,SOLUSDT,ws,ws,1,1703874552,168.72,0.032,,,,0,1762783487316,1762783487469,
2025-11-10T14:04:47.469Z,SOLUSDT,ws,ws,1,1703874553,168.72,0.03,,,,0,1762783487316,1762783487469,
2025-11-10T14:04:47.469Z,SOLUSDT,ws,ws,1,1703874554,168.72,0.032,,,,0,1762783487316,1762783487469,
2025-11-10T14:04:47.469Z,SOLUSDT,ws,ws,1,1703874555,168.72,0.032,,,,0,1762783487316,1762783487469,
2025-11-10T14:04:47.469Z,SOLUSDT,ws,ws,1,1703874556,168.72,0.032,,,,0,1762783487316,1762783487469,
2025-11-10T14:04:47.469Z,SOLUSDT,ws,ws,1,1703874557,168.72,0.032,,,,0,1762783487316,1762783487469,
2025-11-10T14:04:47.469Z,SOLUSDT,ws,ws,1,1703874558,168.72,0.303,,,,0,1762783487316,1762783487469,
2025-11-10T14:04:47.469Z,SOLUSDT,ws,ws,1,1703874559,168.72,0.119,,,,0,1762783487316,1762783487469,
2025-11-10T14:04:47.469Z,SOLUSDT,ws,ws,1,1703874560,168.72,0.001,,,,0,1762783487316,1762783487469,
2025-11-10T14:04:47.499Z,SOLUSDT,ws,ws,1,1703874561,168.72,0.297,,,,0,1762783487348,1762783487499,
2025-11-10T14:04:47.514Z,SOLUSDT,mmap,./rings/binance_trade_chunk3,1,212824,168.72,0.297,,,,1762783487490,0,1762783487514,
2025-11-10T14:04:47.922Z,SOLUSDT,mmap,./rings/binance_trade_chunk3,1,213042,168.71,7.852,,,,1762783487917,0,1762783487922,
2025-11-10T14:04:47.930Z,SOLUSDT,ws,ws,1,1703874562,168.71,7.852,,,,0,1762783487775,1762783487930,
2025-11-10T14:04:47.973Z,SOLUSDT,mmap,./rings/binance_trade_chunk3,1,213048,168.72,0.863,,,,1762783487970,0,1762783487973,
2025-11-10T14:04:47.980Z,SOLUSDT,ws,ws,1,1703874563,168.72,0.863,,,,0,1762783487828,1762783487980,
2025-11-10T14:04:47.982Z,SOLUSDT,ws,ws,1,1703874564,168.72,0.099,,,,0,1762783487828,1762783487982,
2025-11-10T14:04:47.982Z,SOLUSDT,ws,ws,1,1703874565,168.72,0.031,,,,0,1762783487828,1762783487982,
2025-11-10T14:04:47.982Z,SOLUSDT,ws,ws,1,1703874566,168.72,0.032,,,,0,1762783487828,1762783487982,
2025-11-10T14:04:47.982Z,SOLUSDT,ws,ws,1,1703874567,168.72,0.032,,,,0,1762783487828,1762783487982,
2025-11-10T14:04:47.982Z,SOLUSDT,ws,ws,1,1703874568,168.72,0.031,,,,0,1762783487828,1762783487982,
2025-11-10T14:04:47.983Z,SOLUSDT,ws,ws,1,1703874569,168.72,0.032,,,,0,1762783487828,1762783487982,
2025-11-10T14:04:47.983Z,SOLUSDT,ws,ws,1,1703874570,168.72,0.006,,,,0,1762783487828,1762783487983,
2025-11-10T14:04:47.983Z,SOLUSDT,ws,ws,1,1703874571,168.72,0.026,,,,0,1762783487828,1762783487983,
2025-11-10T14:04:47.983Z,SOLUSDT,ws,ws,1,1703874572,168.72,0.032,,,,0,1762783487828,1762783487983,
2025-11-10T14:04:47.983Z,SOLUSDT,ws,ws,1,1703874573,168.72,0.032,,,,0,1762783487828,1762783487983,
2025-11-10T14:04:47.983Z,SOLUSDT,ws,ws,1,1703874574,168.72,0.032,,,,0,1762783487828,1762783487983,
2025-11-10T14:04:47.983Z,SOLUSDT,ws,ws,1,1703874575,168.72,0.032,,,,0,1762783487828,1762783487983,
2025-11-10T14:04:47.983Z,SOLUSDT,ws,ws,1,1703874576,168.72,0.032,,,,0,1762783487828,1762783487983,
2025-11-10T14:04:47.983Z,SOLUSDT,ws,ws,1,1703874577,168.72,0.032,,,,0,1762783487828,1762783487983,
2025-11-10T14:04:47.983Z,SOLUSDT,ws,ws,1,1703874578,168.72,0.048,,,,0,1762783487828,1762783487983,
2025-11-10T14:04:47.983Z,SOLUSDT,ws,ws,1,1703874579,168.72,0.031,,,,0,1762783487828,1762783487983,
2025-11-10T14:04:47.983Z,SOLUSDT,ws,ws,1,1703874580,168.72,5.94,,,,0,1762783487828,1762783487983,
2025-11-10T14:04:47.983Z,SOLUSDT,ws,ws,1,1703874581,168.72,0.03,,,,0,1762783487828,1762783487983,
2025-11-10T14:04:47.983Z,SOLUSDT,ws,ws,1,1703874582,168.72,0.135,,,,0,1762783487828,1762783487983,
2025-11-10T14:04:47.983Z,SOLUSDT,ws,ws,1,1703874583,168.72,0.032,,,,0,1762783487828,1762783487983,
2025-11-10T14:04:47.983Z,SOLUSDT,ws,ws,1,1703874584,168.72,0.032,,,,0,1762783487828,1762783487983,
2025-11-10T14:04:47.983Z,SOLUSDT,ws,ws,1,1703874585,168.72,0.032,,,,0,1762783487828,1762783487983,
2025-11-10T14:04:48.004Z,SOLUSDT,ws,ws,1,1703874586,168.72,0.367,,,,0,1762783487852,1762783488003,
2025-11-10T14:04:48.014Z,SOLUSDT,ws,ws,1,1703874587,168.73,0.035,,,,0,1762783487860,1762783488014,
2025-11-10T14:04:48.014Z,SOLUSDT,ws,ws,1,1703874588,168.73,0.06,,,,0,1762783487860,1762783488014,
2025-11-10T14:04:48.014Z,SOLUSDT,ws,ws,1,1703874589,168.73,0.032,,,,0,1762783487860,1762783488014,
2025-11-10T14:04:48.014Z,SOLUSDT,ws,ws,1,1703874590,168.73,0.032,,,,0,1762783487860,1762783488014,
2025-11-10T14:04:48.014Z,SOLUSDT,ws,ws,1,1703874591,168.73,0.048,,,,0,1762783487860,1762783488014,
2025-11-10T14:04:48.014Z,SOLUSDT,ws,ws,1,1703874592,168.73,0.06,,,,0,1762783487860,1762783488014,
2025-11-10T14:04:48.014Z,SOLUSDT,ws,ws,1,1703874593,168.73,0.031,,,,0,1762783487860,1762783488014,
2025-11-10T14:04:48.014Z,SOLUSDT,ws,ws,1,1703874594,168.73,0.032,,,,0,1762783487860,1762783488014,
2025-11-10T14:04:48.014Z,SOLUSDT,ws,ws,1,1703874595,168.73,0.032,,,,0,1762783487860,1762783488014,
2025-11-10T14:04:48.014Z,SOLUSDT,ws,ws,1,1703874596,168.73,0.031,,,,0,1762783487860,1762783488014,
2025-11-10T14:04:48.014Z,SOLUSDT,ws,ws,1,1703874597,168.73,0.031,,,,0,1762783487860,1762783488014,
2025-11-10T14:04:48.014Z,SOLUSDT,ws,ws,1,1703874598,168.73,0.03,,,,0,1762783487860,1762783488014,
2025-11-10T14:04:48.014Z,SOLUSDT,ws,ws,1,1703874599,168.73,0.032,,,,0,1762783487860,1762783488014,
2025-11-10T14:04:48.015Z,SOLUSDT,ws,ws,1,1703874600,168.73,0.032,,,,0,1762783487860,1762783488014,
2025-11-10T14:04:48.015Z,SOLUSDT,ws,ws,1,1703874601,168.73,0.032,,,,0,1762783487860,1762783488015,
2025-11-10T14:04:48.015Z,SOLUSDT,ws,ws,1,1703874602,168.73,0.032,,,,0,1762783487860,1762783488015,
2025-11-10T14:04:48.015Z,SOLUSDT,ws,ws,1,1703874603,168.73,0.032,,,,0,1762783487860,1762783488015,
2025-11-10T14:04:48.015Z,SOLUSDT,ws,ws,1,1703874604,168.73,0.032,,,,0,1762783487860,1762783488015,
2025-11-10T14:04:48.015Z,SOLUSDT,ws,ws,1,1703874605,168.73,0.031,,,,0,1762783487860,1762783488015,
2025-11-10T14:04:48.015Z,SOLUSDT,ws,ws,1,1703874606,168.73,0.031,,,,0,1762783487860,1762783488015,
2025-11-10T14:04:48.015Z,SOLUSDT,ws,ws,1,1703874607,168.73,0.031,,,,0,1762783487860,1762783488015,
2025-11-10T14:04:48.015Z,SOLUSDT,ws,ws,1,1703874608,168.73,0.031,,,,0,1762783487860,1762783488015,
2025-11-10T14:04:48.015Z,SOLUSDT,ws,ws,1,1703874609,168.73,0.031,,,,0,1762783487860,1762783488015,
2025-11-10T14:04:48.015Z,SOLUSDT,ws,ws,1,1703874610,168.73,0.031,,,,0,1762783487860,1762783488015,
2025-11-10T14:04:48.015Z,SOLUSDT,ws,ws,1,1703874611,168.73,0.031,,,,0,1762783487860,1762783488015,
2025-11-10T14:04:48.015Z,SOLUSDT,ws,ws,1,1703874612,168.73,0.371,,,,0,1762783487860,1762783488015,
2025-11-10T14:04:48.025Z,SOLUSDT,mmap,./rings/binance_trade_chunk3,1,213049,168.72,0.099,,,,1762783487972,0,1762783488024,
2025-11-10T14:04:48.025Z,SOLUSDT,mmap,./rings/binance_trade_chunk3,1,213050,168.72,0.031,,,,1762783487972,0,1762783488025,
2025-11-10T14:04:48.025Z,SOLUSDT,mmap,./rings/binance_trade_chunk3,1,213051,168.72,0.032,,,,1762783487972,0,1762783488025,
2025-11-10T14:04:48.025Z,SOLUSDT,mmap,./rings/binance_trade_chunk3,1,213052,168.72,0.032,,,,1762783487972,0,1762783488025,
2025-11-10T14:04:48.025Z,SOLUSDT,mmap,./rings/binance_trade_chunk3,1,213053,168.72,0.031,,,,1762783487972,0,1762783488025,
2025-11-10T14:04:48.025Z,SOLUSDT,mmap,./rings/binance_trade_chunk3,1,213054,168.72,0.032,,,,1762783487972,0,1762783488025,
2025-11-10T14:04:48.025Z,SOLUSDT,mmap,./rings/binance_trade_chunk3,1,213055,168.72,0.006,,,,1762783487972,0,1762783488025,
2025-11-10T14:04:48.025Z,SOLUSDT,mmap,./rings/binance_trade_chunk3,1,213056,168.72,0.026,,,,1762783487972,0,1762783488025,
2025-11-10T14:04:48.025Z,SOLUSDT,mmap,./rings/binance_trade_chunk3,1,213057,168.72,0.032,,,,1762783487973,0,1762783488025,
2025-11-10T14:04:48.025Z,SOLUSDT,mmap,./rings/binance_trade_chunk3,1,213058,168.72,0.032,,,,1762783487973,0,1762783488025,
2025-11-10T14:04:48.025Z,SOLUSDT,mmap,./rings/binance_trade_chunk3,1,213059,168.72,0.032,,,,1762783487973,0,1762783488025,
2025-11-10T14:04:48.025Z,SOLUSDT,mmap,./rings/binance_trade_chunk3,1,213060,168.72,0.032,,,,1762783487973,0,1762783488025,
2025-11-10T14:04:48.025Z,SOLUSDT,mmap,./rings/binance_trade_chunk3,1,213061,168.72,0.032,,,,1762783487973,0,1762783488025,
2025-11-10T14:04:48.025Z,SOLUSDT,mmap,./rings/binance_trade_chunk3,1,213062,168.72,0.032,,,,1762783487973,0,1762783488025,
2025-11-10T14:04:48.025Z,SOLUSDT,mmap,./rings/binance_trade_chunk3,1,213063,168.72,0.048,,,,1762783487973,0,1762783488025,
2025-11-10T14:04:48.025Z,SOLUSDT,mmap,./rings/binance_trade_chunk3,1,213064,168.72,0.031,,,,1762783487973,0,1762783488025,
2025-11-10T14:04:48.025Z,SOLUSDT,mmap,./rings/binance_trade_chunk3,1,213065,168.72,5.94,,,,1762783487973,0,1762783488025,
2025-11-10T14:04:48.025Z,SOLUSDT,mmap,./rings/binance_trade_chunk3,1,213066,168.72,0.03,,,,1762783487973,0,1762783488025,
2025-11-10T14:04:48.025Z,SOLUSDT,mmap,./rings/binance_trade_chunk3,1,213067,168.72,0.135,,,,1762783487973,0,1762783488025,
2025-11-10T14:04:48.025Z,SOLUSDT,mmap,./rings/binance_trade_chunk3,1,213068,168.72,0.032,,,,1762783487973,0,1762783488025,
2025-11-10T14:04:48.025Z,SOLUSDT,mmap,./rings/binance_trade_chunk3,1,213069,168.72,0.032,,,,1762783487973,0,1762783488025,
2025-11-10T14:04:48.025Z,SOLUSDT,mmap,./rings/binance_trade_chunk3,1,213070,168.72,0.032,,,,1762783487973,0,1762783488025,
2025-11-10T14:04:48.025Z,SOLUSDT,mmap,./rings/binance_trade_chunk3,1,213086,168.72,0.367,,,,1762783487994,0,1762783488025,
2025-11-10T14:04:48.026Z,SOLUSDT,mmap,./rings/binance_trade_chunk3,1,213088,168.73,0.035,,,,1762783488005,0,1762783488025,
2025-11-10T14:04:48.026Z,SOLUSDT,mmap,./rings/binance_trade_chunk3,1,213089,168.73,0.06,,,,1762783488005,0,1762783488026,
2025-11-10T14:04:48.026Z,SOLUSDT,mmap,./rings/binance_trade_chunk3,1,213090,168.73,0.032,,,,1762783488005,0,1762783488026,
2025-11-10T14:04:48.026Z,SOLUSDT,mmap,./rings/binance_trade_chunk3,1,213091,168.73,0.032,,,,1762783488005,0,1762783488026,
2025-11-10T14:04:48.026Z,SOLUSDT,mmap,./rings/binance_trade_chunk3,1,213092,168.73,0.048,,,,1762783488005,0,1762783488026,
2025-11-10T14:04:48.026Z,SOLUSDT,mmap,./rings/binance_trade_chunk3,1,213093,168.73,0.06,,,,1762783488005,0,1762783488026,
2025-11-10T14:04:48.026Z,SOLUSDT,mmap,./rings/binance_trade_chunk3,1,213094,168.73,0.031,,,,1762783488005,0,1762783488026,
2025-11-10T14:04:48.026Z,SOLUSDT,mmap,./rings/binance_trade_chunk3,1,213095,168.73,0.032,,,,1762783488005,0,1762783488026,
2025-11-10T14:04:48.026Z,SOLUSDT,mmap,./rings/binance_trade_chunk3,1,213096,168.73,0.032,,,,1762783488005,0,1762783488026,
2025-11-10T14:04:48.026Z,SOLUSDT,mmap,./rings/binance_trade_chunk3,1,213097,168.73,0.031,,,,1762783488005,0,1762783488026,
2025-11-10T14:04:48.026Z,SOLUSDT,mmap,./rings/binance_trade_chunk3,1,213098,168.73,0.031,,,,1762783488005,0,1762783488026,
2025-11-10T14:04:48.026Z,SOLUSDT,mmap,./rings/binance_trade_chunk3,1,213099,168.73,0.03,,,,1762783488005,0,1762783488026,
2025-11-10T14:04:48.026Z,SOLUSDT,mmap,./rings/binance_trade_chunk3,1,213100,168.73,0.032,,,,1762783488005,0,1762783488026,
2025-11-10T14:04:48.026Z,SOLUSDT,mmap,./rings/binance_trade_chunk3,1,213101,168.73,0.032,,,,1762783488005,0,1762783488026,
2025-11-10T14:04:48.026Z,SOLUSDT,mmap,./rings/binance_trade_chunk3,1,213102,168.73,0.032,,,,1762783488005,0,1762783488026,
2025-11-10T14:04:48.026Z,SOLUSDT,mmap,./rings/binance_trade_chunk3,1,213103,168.73,0.032,,,,1762783488005,0,1762783488026,
2025-11-10T14:04:48.026Z,SOLUSDT,mmap,./rings/binance_trade_chunk3,1,213104,168.73,0.032,,,,1762783488005,0,1762783488026,
2025-11-10T14:04:48.026Z,SOLUSDT,mmap,./rings/binance_trade_chunk3,1,213105,168.73,0.032,,,,1762783488005,0,1762783488026,
2025-11-10T14:04:48.026Z,SOLUSDT,mmap,./rings/binance_trade_chunk3,1,213106,168.73,0.031,,,,1762783488005,0,1762783488026,
2025-11-10T14:04:48.026Z,SOLUSDT,mmap,./rings/binance_trade_chunk3,1,213107,168.73,0.031,,,,1762783488005,0,1762783488026,
2025-11-10T14:04:48.026Z,SOLUSDT,mmap,./rings/binance_trade_chunk3,1,213108,168.73,0.031,,,,1762783488005,0,1762783488026,
2025-11-10T14:04:48.026Z,SOLUSDT,mmap,./rings/binance_trade_chunk3,1,213109,168.73,0.031,,,,1762783488005,0,1762783488026,
2025-11-10T14:04:48.026Z,SOLUSDT,mmap,./rings/binance_trade_chunk3,1,213110,168.73,0.031,,,,1762783488005,0,1762783488026,
2025-11-10T14:04:48.026Z,SOLUSDT,mmap,./rings/binance_trade_chunk3,1,213111,168.73,0.031,,,,1762783488005,0,1762783488026,
2025-11-10T14:04:48.026Z,SOLUSDT,mmap,./rings/binance_trade_chunk3,1,213112,168.73,0.031,,,,1762783488005,0,1762783488026,
2025-11-10T14:04:48.026Z,SOLUSDT,mmap,./rings/binance_trade_chunk3,1,213113,168.73,0.371,,,,1762783488005,0,1762783488026,
2025-11-10T14:04:48.325Z,SOLUSDT,ws,ws,1,1703874613,168.73,0.629,,,,0,1762783488170,1762783488325,
2025-11-10T14:04:48.333Z,SOLUSDT,mmap,./rings/binance_trade_chunk3,1,213157,168.73,0.629,,,,1762783488313,0,1762783488333,
2025-11-10T14:04:48.534Z,SOLUSDT,ws,ws,1,1703874614,168.72,0.368,,,,0,1762783488380,1762783488534,
2025-11-10T14:04:48.537Z,SOLUSDT,mmap,./rings/binance_trade_chunk3,1,213172,168.72,0.368,,,,1762783488523,0,1762783488537,
2025-11-10T14:04:48.723Z,SOLUSDT,ws,ws,1,1703874615,168.72,1.998,,,,0,1762783488571,1762783488723,
2025-11-10T14:04:48.742Z,SOLUSDT,mmap,./rings/binance_trade_chunk3,1,213295,168.72,1.998,,,,1762783488714,0,1762783488742,
2025-11-10T14:04:48.792Z,SOLUSDT,mmap,./rings/binance_trade_chunk3,1,213297,168.72,0.088,,,,1762783488783,0,1762783488792,
2025-11-10T14:04:48.796Z,SOLUSDT,ws,ws,1,1703874616,168.72,0.088,,,,0,1762783488640,1762783488796,
2025-11-10T14:04:48.894Z,SOLUSDT,mmap,./rings/binance_trade_chunk3,1,213321,168.73,0.123,,,,1762783488883,0,1762783488894,
2025-11-10T14:04:48.896Z,SOLUSDT,ws,ws,1,1703874617,168.73,0.123,,,,0,1762783488739,1762783488896,
2025-11-10T14:04:48.983Z,SOLUSDT,ws,ws,1,1703874618,168.72,0.14,,,,0,1762783488828,1762783488983,
2025-11-10T14:04:48.996Z,SOLUSDT,mmap,./rings/binance_trade_chunk3,1,213331,168.72,0.14,,,,1762783488970,0,1762783488996,
2025-11-10T14:04:49.069Z,SOLUSDT,ws,ws,1,1703874619,168.72,0.04,,,,0,1762783488916,1762783489069,
2025-11-10T14:04:49.098Z,SOLUSDT,mmap,./rings/binance_trade_chunk3,1,213345,168.72,0.04,,,,1762783489058,0,1762783489098,
2025-11-10T14:04:49.233Z,SOLUSDT,ws,ws,1,1703874620,168.72,0.356,,,,0,1762783489078,1762783489233,
2025-11-10T14:04:49.248Z,SOLUSDT,ws,ws,1,1703874621,168.73,0.055,,,,0,1762783489097,1762783489248,
2025-11-10T14:04:49.250Z,SOLUSDT,mmap,./rings/binance_trade_chunk3,1,213385,168.72,0.356,,,,1762783489221,0,1762783489250,
2025-11-10T14:04:49.250Z,SOLUSDT,mmap,./rings/binance_trade_chunk3,1,213390,168.73,0.055,,,,1762783489239,0,1762783489250,
2025-11-10T14:04:49.393Z,SOLUSDT,ws,ws,1,1703874622,168.73,1,,,,0,1762783489240,1762783489393,
2025-11-10T14:04:49.404Z,SOLUSDT,mmap,./rings/binance_trade_chunk3,1,213451,168.73,1,,,,1762783489382,0,1762783489404,
2025-11-10T14:04:49.548Z,SOLUSDT,ws,ws,1,1703874623,168.72,0.118,,,,0,1762783489395,1762783489548,
2025-11-10T14:04:49.548Z,SOLUSDT,ws,ws,1,1703874624,168.73,2.011,,,,0,1762783489396,1762783489548,
2025-11-10T14:04:49.549Z,SOLUSDT,ws,ws,1,1703874625,168.73,0.177,,,,0,1762783489398,1762783489549,
2025-11-10T14:04:49.554Z,SOLUSDT,ws,ws,1,1703874626,168.73,0.198,,,,0,1762783489399,1762783489554,
2025-11-10T14:04:49.554Z,SOLUSDT,ws,ws,1,1703874627,168.73,0.219,,,,0,1762783489401,1762783489554,
2025-11-10T14:04:49.554Z,SOLUSDT,ws,ws,1,1703874628,168.73,1.157,,,,0,1762783489402,1762783489554,
2025-11-10T14:04:49.554Z,SOLUSDT,ws,ws,1,1703874629,168.73,0.019,,,,0,1762783489402,1762783489554,
2025-11-10T14:04:49.557Z,SOLUSDT,ws,ws,1,1703874630,168.73,0.013,,,,0,1762783489402,1762783489557,
2025-11-10T14:04:49.557Z,SOLUSDT,ws,ws,1,1703874631,168.73,0.032,,,,0,1762783489402,1762783489557,
2025-11-10T14:04:49.557Z,SOLUSDT,ws,ws,1,1703874632,168.73,0.032,,,,0,1762783489402,1762783489557,
2025-11-10T14:04:49.557Z,SOLUSDT,mmap,./rings/binance_trade_chunk3,1,213483,168.72,0.118,,,,1762783489537,0,1762783489557,
2025-11-10T14:04:49.557Z,SOLUSDT,mmap,./rings/binance_trade_chunk3,1,213484,168.73,2.011,,,,1762783489539,0,1762783489557,
2025-11-10T14:04:49.557Z,SOLUSDT,ws,ws,1,1703874633,168.73,0.168,,,,0,1762783489402,1762783489557,
2025-11-10T14:04:49.558Z,SOLUSDT,mmap,./rings/binance_trade_chunk3,1,213485,168.73,0.177,,,,1762783489540,0,1762783489557,
2025-11-10T14:04:49.558Z,SOLUSDT,ws,ws,1,1703874634,168.73,0.223,,,,0,1762783489404,1762783489557,
2025-11-10T14:04:49.558Z,SOLUSDT,mmap,./rings/binance_trade_chunk3,1,213486,168.73,0.198,,,,1762783489542,0,1762783489558,
2025-11-10T14:04:49.558Z,SOLUSDT,mmap,./rings/binance_trade_chunk3,1,213487,168.73,0.219,,,,1762783489543,0,1762783489558,
2025-11-10T14:04:49.558Z,SOLUSDT,mmap,./rings/binance_trade_chunk3,1,213488,168.73,1.157,,,,1762783489544,0,1762783489558,
2025-11-10T14:04:49.558Z,SOLUSDT,mmap,./rings/binance_trade_chunk3,1,213489,168.73,0.019,,,,1762783489544,0,1762783489558,
2025-11-10T14:04:49.558Z,SOLUSDT,mmap,./rings/binance_trade_chunk3,1,213490,168.73,0.013,,,,1762783489545,0,1762783489558,
2025-11-10T14:04:49.558Z,SOLUSDT,mmap,./rings/binance_trade_chunk3,1,213491,168.73,0.032,,,,1762783489545,0,1762783489558,
2025-11-10T14:04:49.558Z,SOLUSDT,mmap,./rings/binance_trade_chunk3,1,213492,168.73,0.032,,,,1762783489545,0,1762783489558,
2025-11-10T14:04:49.558Z,SOLUSDT,mmap,./rings/binance_trade_chunk3,1,213493,168.73,0.168,,,,1762783489545,0,1762783489558,
2025-11-10T14:04:49.558Z,SOLUSDT,mmap,./rings/binance_trade_chunk3,1,213494,168.73,0.223,,,,1762783489546,0,1762783489558,
2025-11-10T14:04:49.558Z,SOLUSDT,mmap,./rings/binance_trade_chunk3,1,213495,168.73,0.255,,,,1762783489547,0,1762783489558,
2025-11-10T14:04:49.558Z,SOLUSDT,mmap,./rings/binance_trade_chunk3,1,213496,168.73,0.173,,,,1762783489549,0,1762783489558,
2025-11-10T14:04:49.558Z,SOLUSDT,mmap,./rings/binance_trade_chunk3,1,213497,168.73,0.176,,,,1762783489550,0,1762783489558,
2025-11-10T14:04:49.558Z,SOLUSDT,mmap,./rings/binance_trade_chunk3,1,213498,168.73,0.188,,,,1762783489551,0,1762783489558,
2025-11-10T14:04:49.558Z,SOLUSDT,mmap,./rings/binance_trade_chunk3,1,213500,168.73,4.757,,,,1762783489555,0,1762783489558,
2025-11-10T14:04:49.558Z,SOLUSDT,mmap,./rings/binance_trade_chunk3,1,213501,168.73,0.032,,,,1762783489555,0,1762783489558,
2025-11-10T14:04:49.558Z,SOLUSDT,mmap,./rings/binance_trade_chunk3,1,213502,168.73,0.032,,,,1762783489555,0,1762783489558,
2025-11-10T14:04:49.558Z,SOLUSDT,mmap,./rings/binance_trade_chunk3,1,213503,168.73,0.048,,,,1762783489555,0,1762783489558,
2025-11-10T14:04:49.558Z,SOLUSDT,mmap,./rings/binance_trade_chunk3,1,213504,168.73,0.032,,,,1762783489555,0,1762783489558,
2025-11-10T14:04:49.558Z,SOLUSDT,mmap,./rings/binance_trade_chunk3,1,213505,168.73,0.032,,,,1762783489555,0,1762783489558,
2025-11-10T14:04:49.558Z,SOLUSDT,mmap,./rings/binance_trade_chunk3,1,213506,168.73,0.032,,,,1762783489555,0,1762783489558,
2025-11-10T14:04:49.558Z,SOLUSDT,mmap,./rings/binance_trade_chunk3,1,213507,168.73,0.032,,,,1762783489555,0,1762783489558,
2025-11-10T14:04:49.558Z,SOLUSDT,mmap,./rings/binance_trade_chunk3,1,213508,168.73,0.03,,,,1762783489555,0,1762783489558,
2025-11-10T14:04:49.558Z,SOLUSDT,mmap,./rings/binance_trade_chunk3,1,213509,168.73,0.032,,,,1762783489555,0,1762783489558,
2025-11-10T14:04:49.558Z,SOLUSDT,mmap,./rings/binance_trade_chunk3,1,213510,168.73,1.101,,,,1762783489555,0,1762783489558,
2025-11-10T14:04:49.561Z,SOLUSDT,ws,ws,1,1703874635,168.73,0.255,,,,0,1762783489406,1762783489561,
2025-11-10T14:04:49.561Z,SOLUSDT,ws,ws,1,1703874636,168.73,0.173,,,,0,1762783489406,1762783489561,
2025-11-10T14:04:49.561Z,SOLUSDT,ws,ws,1,1703874637,168.73,0.176,,,,0,1762783489408,1762783489561,
2025-11-10T14:04:49.561Z,SOLUSDT,ws,ws,1,1703874638,168.73,0.188,,,,0,1762783489409,1762783489561,
2025-11-10T14:04:49.568Z,SOLUSDT,ws,ws,1,1703874639,168.73,4.757,,,,0,1762783489411,1762783489567,
2025-11-10T14:04:49.568Z,SOLUSDT,ws,ws,1,1703874640,168.73,0.032,,,,0,1762783489411,1762783489568,
2025-11-10T14:04:49.568Z,SOLUSDT,ws,ws,1,1703874641,168.73,0.032,,,,0,1762783489411,1762783489568,
2025-11-10T14:04:49.568Z,SOLUSDT,ws,ws,1,1703874642,168.73,0.048,,,,0,1762783489411,1762783489568,
2025-11-10T14:04:49.568Z,SOLUSDT,ws,ws,1,1703874643,168.73,0.032,,,,0,1762783489411,1762783489568,
2025-11-10T14:04:49.568Z,SOLUSDT,ws,ws,1,1703874644,168.73,0.032,,,,0,1762783489411,1762783489568,
2025-11-10T14:04:49.568Z,SOLUSDT,ws,ws,1,1703874645,168.73,0.032,,,,0,1762783489411,1762783489568,
2025-11-10T14:04:49.568Z,SOLUSDT,ws,ws,1,1703874646,168.73,0.032,,,,0,1762783489411,1762783489568,
2025-11-10T14:04:49.568Z,SOLUSDT,ws,ws,1,1703874647,168.73,0.03,,,,0,1762783489411,1762783489568,
2025-11-10T14:04:49.568Z,SOLUSDT,ws,ws,1,1703874648,168.73,0.032,,,,0,1762783489411,1762783489568,
2025-11-10T14:04:49.568Z,SOLUSDT,ws,ws,1,1703874649,168.73,1.101,,,,0,1762783489411,1762783489568,
2025-11-10T14:04:49.575Z,SOLUSDT,ws,ws,1,1703874650,168.73,1.4,,,,0,1762783489419,1762783489575,
2025-11-10T14:04:49.575Z,SOLUSDT,ws,ws,1,1703874651,168.73,4.54,,,,0,1762783489419,1762783489575,
2025-11-10T14:04:49.575Z,SOLUSDT,ws,ws,1,1703874652,168.73,1.527,,,,0,1762783489419,1762783489575,
2025-11-10T14:04:49.575Z,SOLUSDT,ws,ws,1,1703874653,168.73,0.071,,,,0,1762783489419,1762783489575,
2025-11-10T14:04:49.575Z,SOLUSDT,ws,ws,1,1703874654,168.73,0.032,,,,0,1762783489419,1762783489575,
2025-11-10T14:04:49.575Z,SOLUSDT,ws,ws,1,1703874655,168.73,0.032,,,,0,1762783489419,1762783489575,
2025-11-10T14:04:49.575Z,SOLUSDT,ws,ws,1,1703874656,168.73,0.032,,,,0,1762783489419,1762783489575,
2025-11-10T14:04:49.575Z,SOLUSDT,ws,ws,1,1703874657,168.73,0.032,,,,0,1762783489419,1762783489575,
2025-11-10T14:04:49.575Z,SOLUSDT,ws,ws,1,1703874658,168.73,0.048,,,,0,1762783489419,1762783489575,
2025-11-10T14:04:49.575Z,SOLUSDT,ws,ws,1,1703874659,168.73,0.032,,,,0,1762783489419,1762783489575,
2025-11-10T14:04:49.575Z,SOLUSDT,ws,ws,1,1703874660,168.73,0.032,,,,0,1762783489419,1762783489575,
2025-11-10T14:04:49.575Z,SOLUSDT,ws,ws,1,1703874661,168.73,0.032,,,,0,1762783489419,1762783489575,
2025-11-10T14:04:49.575Z,SOLUSDT,ws,ws,1,1703874662,168.73,0.032,,,,0,1762783489419,1762783489575,
2025-11-10T14:04:49.575Z,SOLUSDT,ws,ws,1,1703874663,168.73,0.032,,,,0,1762783489419,1762783489575,
2025-11-10T14:04:49.575Z,SOLUSDT,ws,ws,1,1703874664,168.73,0.03,,,,0,1762783489419,1762783489575,
2025-11-10T14:04:49.575Z,SOLUSDT,ws,ws,1,1703874665,168.73,0.032,,,,0,1762783489419,1762783489575,
2025-11-10T14:04:49.575Z,SOLUSDT,ws,ws,1,1703874666,168.73,0.032,,,,0,1762783489419,1762783489575,
2025-11-10T14:04:49.575Z,SOLUSDT,ws,ws,1,1703874667,168.73,0.032,,,,0,1762783489419,1762783489575,
2025-11-10T14:04:49.575Z,SOLUSDT,ws,ws,1,1703874668,168.73,0.032,,,,0,1762783489419,1762783489575,
2025-11-10T14:04:49.602Z,SOLUSDT,ws,ws,1,1703874669,168.74,0.035,,,,0,1762783489423,1762783489602,
2025-11-10T14:04:49.610Z,SOLUSDT,mmap,./rings/binance_trade_chunk3,1,213524,168.73,1.4,,,,1762783489561,0,1762783489610,
2025-11-10T14:04:49.610Z,SOLUSDT,mmap,./rings/binance_trade_chunk3,1,213525,168.73,4.54,,,,1762783489562,0,1762783489610,
2025-11-10T14:04:49.610Z,SOLUSDT,mmap,./rings/binance_trade_chunk3,1,213526,168.73,1.527,,,,1762783489562,0,1762783489610,
2025-11-10T14:04:49.610Z,SOLUSDT,mmap,./rings/binance_trade_chunk3,1,213527,168.73,0.071,,,,1762783489562,0,1762783489610,
2025-11-10T14:04:49.610Z,SOLUSDT,mmap,./rings/binance_trade_chunk3,1,213528,168.73,0.032,,,,1762783489562,0,1762783489610,
2025-11-10T14:04:49.610Z,SOLUSDT,mmap,./rings/binance_trade_chunk3,1,213529,168.73,0.032,,,,1762783489562,0,1762783489610,
2025-11-10T14:04:49.610Z,SOLUSDT,mmap,./rings/binance_trade_chunk3,1,213530,168.73,0.032,,,,1762783489562,0,1762783489610,
2025-11-10T14:04:49.610Z,SOLUSDT,mmap,./rings/binance_trade_chunk3,1,213531,168.73,0.032,,,,1762783489562,0,1762783489610,
2025-11-10T14:04:49.610Z,SOLUSDT,mmap,./rings/binance_trade_chunk3,1,213532,168.73,0.048,,,,1762783489562,0,1762783489610,
2025-11-10T14:04:49.610Z,SOLUSDT,mmap,./rings/binance_trade_chunk3,1,213533,168.73,0.032,,,,1762783489563,0,1762783489610,
2025-11-10T14:04:49.610Z,SOLUSDT,mmap,./rings/binance_trade_chunk3,1,213534,168.73,0.032,,,,1762783489563,0,1762783489610,
2025-11-10T14:04:49.610Z,SOLUSDT,mmap,./rings/binance_trade_chunk3,1,213535,168.73,0.032,,,,1762783489563,0,1762783489610,
2025-11-10T14:04:49.610Z,SOLUSDT,mmap,./rings/binance_trade_chunk3,1,213536,168.73,0.032,,,,1762783489563,0,1762783489610,
2025-11-10T14:04:49.610Z,SOLUSDT,mmap,./rings/binance_trade_chunk3,1,213537,168.73,0.032,,,,1762783489563,0,1762783489610,
2025-11-10T14:04:49.610Z,SOLUSDT,mmap,./rings/binance_trade_chunk3,1,213538,168.73,0.03,,,,1762783489563,0,1762783489610,
2025-11-10T14:04:49.611Z,SOLUSDT,mmap,./rings/binance_trade_chunk3,1,213539,168.73,0.032,,,,1762783489563,0,1762783489610,
2025-11-10T14:04:49.611Z,SOLUSDT,mmap,./rings/binance_trade_chunk3,1,213540,168.73,0.032,,,,1762783489563,0,1762783489611,
2025-11-10T14:04:49.611Z,SOLUSDT,mmap,./rings/binance_trade_chunk3,1,213541,168.73,0.032,,,,1762783489563,0,1762783489611,
2025-11-10T14:04:49.611Z,SOLUSDT,mmap,./rings/binance_trade_chunk3,1,213542,168.73,0.032,,,,1762783489563,0,1762783489611,
2025-11-10T14:04:49.611Z,SOLUSDT,mmap,./rings/binance_trade_chunk3,1,213545,168.74,0.035,,,,1762783489565,0,1762783489611,
2025-11-10T14:04:49.611Z,SOLUSDT,mmap,./rings/binance_trade_chunk3,1,213546,168.74,0.06,,,,1762783489567,0,1762783489611,
2025-11-10T14:04:49.611Z,SOLUSDT,mmap,./rings/binance_trade_chunk3,1,213547,168.74,0.036,,,,1762783489567,0,1762783489611,
2025-11-10T14:04:49.611Z,SOLUSDT,mmap,./rings/binance_trade_chunk3,1,213548,168.74,0.033,,,,1762783489567,0,1762783489611,
2025-11-10T14:04:49.611Z,SOLUSDT,mmap,./rings/binance_trade_chunk3,1,213549,168.74,0.057,,,,1762783489567,0,1762783489611,
2025-11-10T14:04:49.611Z,SOLUSDT,mmap,./rings/binance_trade_chunk3,1,213550,168.74,0.032,,,,1762783489567,0,1762783489611,
2025-11-10T14:04:49.611Z,SOLUSDT,mmap,./rings/binance_trade_chunk3,1,213551,168.74,0.032,,,,1762783489567,0,1762783489611,
2025-11-10T14:04:49.611Z,SOLUSDT,mmap,./rings/binance_trade_chunk3,1,213552,168.74,0.048,,,,1762783489567,0,1762783489611,
2025-11-10T14:04:49.611Z,SOLUSDT,mmap,./rings/binance_trade_chunk3,1,213553,168.74,0.06,,,,1762783489567,0,1762783489611,
2025-11-10T14:04:49.611Z,SOLUSDT,mmap,./rings/binance_trade_chunk3,1,213554,168.74,0.032,,,,1762783489567,0,1762783489611,
2025-11-10T14:04:49.611Z,SOLUSDT,mmap,./rings/binance_trade_chunk3,1,213555,168.74,0.032,,,,1762783489567,0,1762783489611,
2025-11-10T14:04:49.611Z,SOLUSDT,mmap,./rings/binance_trade_chunk3,1,213556,168.74,0.03,,,,1762783489567,0,1762783489611,
2025-11-10T14:04:49.611Z,SOLUSDT,mmap,./rings/binance_trade_chunk3,1,213557,168.74,0.031,,,,1762783489567,0,1762783489611,
2025-11-10T14:04:49.611Z,SOLUSDT,mmap,./rings/binance_trade_chunk3,1,213558,168.74,0.031,,,,1762783489567,0,1762783489611,
2025-11-10T14:04:49.611Z,SOLUSDT,mmap,./rings/binance_trade_chunk3,1,213559,168.74,0.031,,,,1762783489567,0,1762783489611,
2025-11-10T14:04:49.611Z,SOLUSDT,mmap,./rings/binance_trade_chunk3,1,213560,168.74,0.031,,,,1762783489567,0,1762783489611,
2025-11-10T14:04:49.611Z,SOLUSDT,mmap,./rings/binance_trade_chunk3,1,213561,168.74,0.031,,,,1762783489567,0,1762783489611,
2025-11-10T14:04:49.611Z,SOLUSDT,mmap,./rings/binance_trade_chunk3,1,213562,168.74,0.031,,,,1762783489567,0,1762783489611,
2025-11-10T14:04:49.611Z,SOLUSDT,mmap,./rings/binance_trade_chunk3,1,213563,168.74,0.032,,,,1762783489568,0,1762783489611,
2025-11-10T14:04:49.611Z,SOLUSDT,mmap,./rings/binance_trade_chunk3,1,213564,168.74,0.032,,,,1762783489568,0,1762783489611,
2025-11-10T14:04:49.611Z,SOLUSDT,mmap,./rings/binance_trade_chunk3,1,213565,168.74,0.032,,,,1762783489568,0,1762783489611,
2025-11-10T14:04:49.611Z,SOLUSDT,mmap,./rings/binance_trade_chunk3,1,213566,168.74,0.032,,,,1762783489568,0,1762783489611,
2025-11-10T14:04:49.611Z,SOLUSDT,mmap,./rings/binance_trade_chunk3,1,213567,168.74,0.032,,,,1762783489568,0,1762783489611,
2025-11-10T14:04:49.611Z,SOLUSDT,mmap,./rings/binance_trade_chunk3,1,213568,168.74,0.032,,,,1762783489568,0,1762783489611,
2025-11-10T14:04:49.611Z,SOLUSDT,mmap,./rings/binance_trade_chunk3,1,213569,168.74,0.031,,,,1762783489568,0,1762783489611,
2025-11-10T14:04:49.611Z,SOLUSDT,mmap,./rings/binance_trade_chunk3,1,213570,168.74,0.031,,,,1762783489568,0,1762783489611,
2025-11-10T14:04:49.611Z,SOLUSDT,mmap,./rings/binance_trade_chunk3,1,213571,168.74,0.031,,,,1762783489568,0,1762783489611,
2025-11-10T14:04:49.611Z,SOLUSDT,mmap,./rings/binance_trade_chunk3,1,213572,168.74,0.032,,,,1762783489568,0,1762783489611,
2025-11-10T14:04:49.611Z,SOLUSDT,mmap,./rings/binance_trade_chunk3,1,213573,168.74,0.032,,,,1762783489568,0,1762783489611,
2025-11-10T14:04:49.611Z,SOLUSDT,mmap,./rings/binance_trade_chunk3,1,213574,168.74,0.032,,,,1762783489568,0,1762783489611,
2025-11-10T14:04:49.611Z,SOLUSDT,mmap,./rings/binance_trade_chunk3,1,213576,168.75,0.035,,,,1762783489577,0,1762783489611,
2025-11-10T14:04:49.611Z,SOLUSDT,mmap,./rings/binance_trade_chunk3,1,213577,168.75,0.045,,,,1762783489577,0,1762783489611,
2025-11-10T14:04:49.612Z,SOLUSDT,mmap,./rings/binance_trade_chunk3,1,213578,168.75,0.06,,,,1762783489577,0,1762783489611,
2025-11-10T14:04:49.612Z,SOLUSDT,mmap,./rings/binance_trade_chunk3,1,213579,168.75,0.157,,,,1762783489577,0,1762783489612,
2025-11-10T14:04:49.612Z,SOLUSDT,mmap,./rings/binance_trade_chunk3,1,213586,168.75,0.095,,,,1762783489583,0,1762783489612,
2025-11-10T14:04:49.612Z,SOLUSDT,mmap,./rings/binance_trade_chunk3,1,213587,168.75,0.03,,,,1762783489583,0,1762783489612,
2025-11-10T14:04:49.612Z,SOLUSDT,mmap,./rings/binance_trade_chunk3,1,213588,168.75,0.032,,,,1762783489583,0,1762783489612,
2025-11-10T14:04:49.612Z,SOLUSDT,mmap,./rings/binance_trade_chunk3,1,213589,168.75,0.032,,,,1762783489583,0,1762783489612,
2025-11-10T14:04:49.612Z,SOLUSDT,mmap,./rings/binance_trade_chunk3,1,213590,168.75,0.06,,,,1762783489583,0,1762783489612,
2025-11-10T14:04:49.612Z,SOLUSDT,mmap,./rings/binance_trade_chunk3,1,213591,168.75,0.032,,,,1762783489583,0,1762783489612,
2025-11-10T14:04:49.612Z,SOLUSDT,mmap,./rings/binance_trade_chunk3,1,213592,168.75,0.032,,,,1762783489583,0,1762783489612,
2025-11-10T14:04:49.612Z,SOLUSDT,mmap,./rings/binance_trade_chunk3,1,213593,168.75,0.048,,,,1762783489583,0,1762783489612,
2025-11-10T14:04:49.612Z,SOLUSDT,mmap,./rings/binance_trade_chunk3,1,213594,168.75,0.06,,,,1762783489583,0,1762783489612,
2025-11-10T14:04:49.612Z,SOLUSDT,mmap,./rings/binance_trade_chunk3,1,213595,168.75,0.031,,,,1762783489583,0,1762783489612,
2025-11-10T14:04:49.612Z,SOLUSDT,mmap,./rings/binance_trade_chunk3,1,213596,168.75,0.031,,,,1762783489583,0,1762783489612,
2025-11-10T14:04:49.612Z,SOLUSDT,mmap,./rings/binance_trade_chunk3,1,213597,168.75,0.031,,,,1762783489583,0,1762783489612,
2025-11-10T14:04:49.612Z,SOLUSDT,mmap,./rings/binance_trade_chunk3,1,213598,168.75,0.032,,,,1762783489583,0,1762783489612,
2025-11-10T14:04:49.612Z,SOLUSDT,mmap,./rings/binance_trade_chunk3,1,213599,168.75,0.032,,,,1762783489583,0,1762783489612,
2025-11-10T14:04:49.612Z,SOLUSDT,mmap,./rings/binance_trade_chunk3,1,213600,168.75,0.031,,,,1762783489583,0,1762783489612,
2025-11-10T14:04:49.612Z,SOLUSDT,mmap,./rings/binance_trade_chunk3,1,213601,168.75,0.032,,,,1762783489584,0,1762783489612,
2025-11-10T14:04:49.612Z,SOLUSDT,mmap,./rings/binance_trade_chunk3,1,213602,168.75,0.032,,,,1762783489584,0,1762783489612,
2025-11-10T14:04:49.612Z,SOLUSDT,mmap,./rings/binance_trade_chunk3,1,213603,168.75,0.032,,,,1762783489584,0,1762783489612,
2025-11-10T14:04:49.612Z,SOLUSDT,mmap,./rings/binance_trade_chunk3,1,213604,168.75,0.032,,,,1762783489584,0,1762783489612,
2025-11-10T14:04:49.612Z,SOLUSDT,mmap,./rings/binance_trade_chunk3,1,213605,168.75,0.031,,,,1762783489584,0,1762783489612,
2025-11-10T14:04:49.612Z,SOLUSDT,mmap,./rings/binance_trade_chunk3,1,213606,168.75,0.032,,,,1762783489584,0,1762783489612,
2025-11-10T14:04:49.612Z,SOLUSDT,mmap,./rings/binance_trade_chunk3,1,213607,168.75,0.032,,,,1762783489584,0,1762783489612,
2025-11-10T14:04:49.612Z,SOLUSDT,mmap,./rings/binance_trade_chunk3,1,213608,168.75,0.032,,,,1762783489584,0,1762783489612,
2025-11-10T14:04:49.612Z,SOLUSDT,mmap,./rings/binance_trade_chunk3,1,213613,168.76,0.035,,,,1762783489587,0,1762783489612,
2025-11-10T14:04:49.612Z,SOLUSDT,mmap,./rings/binance_trade_chunk3,1,213614,168.76,0.06,,,,1762783489587,0,1762783489612,
2025-11-10T14:04:49.612Z,SOLUSDT,mmap,./rings/binance_trade_chunk3,1,213615,168.76,0.036,,,,1762783489587,0,1762783489612,
2025-11-10T14:04:49.612Z,SOLUSDT,mmap,./rings/binance_trade_chunk3,1,213616,168.76,0.03,,,,1762783489587,0,1762783489612,
2025-11-10T14:04:49.612Z,SOLUSDT,mmap,./rings/binance_trade_chunk3,1,213617,168.76,0.254,,,,1762783489587,0,1762783489612,
2025-11-10T14:04:49.717Z,SOLUSDT,mmap,./rings/binance_trade_chunk3,1,213702,168.75,0.036,,,,1762783489695,0,1762783489717,
2025-11-10T14:04:49.789Z,SOLUSDT,ws,ws,1,1703874670,168.74,0.06,,,,0,1762783489423,1762783489789,
2025-11-10T14:04:49.789Z,SOLUSDT,ws,ws,1,1703874671,168.74,0.036,,,,0,1762783489423,1762783489789,
2025-11-10T14:04:49.789Z,SOLUSDT,ws,ws,1,1703874672,168.74,0.033,,,,0,1762783489423,1762783489789,
2025-11-10T14:04:49.789Z,SOLUSDT,ws,ws,1,1703874673,168.74,0.057,,,,0,1762783489423,1762783489789,
2025-11-10T14:04:49.789Z,SOLUSDT,ws,ws,1,1703874674,168.74,0.032,,,,0,1762783489423,1762783489789,
2025-11-10T14:04:49.789Z,SOLUSDT,ws,ws,1,1703874675,168.74,0.032,,,,0,1762783489423,1762783489789,
2025-11-10T14:04:49.789Z,SOLUSDT,ws,ws,1,1703874676,168.74,0.048,,,,0,1762783489423,1762783489789,
2025-11-10T14:04:49.790Z,SOLUSDT,ws,ws,1,1703874677,168.74,0.06,,,,0,1762783489423,1762783489789,
2025-11-10T14:04:49.790Z,SOLUSDT,ws,ws,1,1703874678,168.74,0.032,,,,0,1762783489423,1762783489789,
2025-11-10T14:04:49.790Z,SOLUSDT,ws,ws,1,1703874679,168.74,0.032,,,,0,1762783489423,1762783489790,
2025-11-10T14:04:49.790Z,SOLUSDT,ws,ws,1,1703874680,168.74,0.03,,,,0,1762783489423,1762783489790,
2025-11-10T14:04:49.790Z,SOLUSDT,ws,ws,1,1703874681,168.74,0.031,,,,0,1762783489423,1762783489790,
2025-11-10T14:04:49.790Z,SOLUSDT,ws,ws,1,1703874682,168.74,0.031,,,,0,1762783489423,1762783489790,
2025-11-10T14:04:49.790Z,SOLUSDT,ws,ws,1,1703874683,168.74,0.031,,,,0,1762783489423,1762783489790,
2025-11-10T14:04:49.790Z,SOLUSDT,ws,ws,1,1703874684,168.74,0.031,,,,0,1762783489423,1762783489790,
2025-11-10T14:04:49.790Z,SOLUSDT,ws,ws,1,1703874685,168.74,0.031,,,,0,1762783489423,1762783489790,
2025-11-10T14:04:49.790Z,SOLUSDT,ws,ws,1,1703874686,168.74,0.031,,,,0,1762783489423,1762783489790,
2025-11-10T14:04:49.790Z,SOLUSDT,ws,ws,1,1703874687,168.74,0.032,,,,0,1762783489423,1762783489790,
2025-11-10T14:04:49.790Z,SOLUSDT,ws,ws,1,1703874688,168.74,0.032,,,,0,1762783489423,1762783489790,
2025-11-10T14:04:49.790Z,SOLUSDT,ws,ws,1,1703874689,168.74,0.032,,,,0,1762783489423,1762783489790,
2025-11-10T14:04:49.790Z,SOLUSDT,ws,ws,1,1703874690,168.74,0.032,,,,0,1762783489423,1762783489790,
2025-11-10T14:04:49.790Z,SOLUSDT,ws,ws,1,1703874691,168.74,0.032,,,,0,1762783489423,1762783489790,
2025-11-10T14:04:49.790Z,SOLUSDT,ws,ws,1,1703874692,168.74,0.032,,,,0,1762783489423,1762783489790,
2025-11-10T14:04:49.790Z,SOLUSDT,ws,ws,1,1703874693,168.74,0.031,,,,0,1762783489423,1762783489790,
2025-11-10T14:04:49.790Z,SOLUSDT,ws,ws,1,1703874694,168.74,0.031,,,,0,1762783489423,1762783489790,
2025-11-10T14:04:49.790Z,SOLUSDT,ws,ws,1,1703874695,168.74,0.031,,,,0,1762783489423,1762783489790,
2025-11-10T14:04:49.790Z,SOLUSDT,ws,ws,1,1703874696,168.74,0.032,,,,0,1762783489423,1762783489790,
2025-11-10T14:04:49.790Z,SOLUSDT,ws,ws,1,1703874697,168.74,0.032,,,,0,1762783489423,1762783489790,
2025-11-10T14:04:49.790Z,SOLUSDT,ws,ws,1,1703874698,168.74,0.032,,,,0,1762783489423,1762783489790,
2025-11-10T14:04:49.790Z,SOLUSDT,ws,ws,1,1703874699,168.75,0.035,,,,0,1762783489434,1762783489790,
2025-11-10T14:04:49.790Z,SOLUSDT,ws,ws,1,1703874700,168.75,0.045,,,,0,1762783489434,1762783489790,
2025-11-10T14:04:49.790Z,SOLUSDT,ws,ws,1,1703874701,168.75,0.06,,,,0,1762783489434,1762783489790,
2025-11-10T14:04:49.790Z,SOLUSDT,ws,ws,1,1703874702,168.75,0.157,,,,0,1762783489434,1762783489790,
2025-11-10T14:04:49.790Z,SOLUSDT,ws,ws,1,1703874703,168.75,0.095,,,,0,1762783489439,1762783489790,
2025-11-10T14:04:49.790Z,SOLUSDT,ws,ws,1,1703874704,168.75,0.03,,,,0,1762783489439,1762783489790,
2025-11-10T14:04:49.790Z,SOLUSDT,ws,ws,1,1703874705,168.75,0.032,,,,0,1762783489439,1762783489790,
2025-11-10T14:04:49.790Z,SOLUSDT,ws,ws,1,1703874706,168.75,0.032,,,,0,1762783489439,1762783489790,
2025-11-10T14:04:49.790Z,SOLUSDT,ws,ws,1,1703874707,168.75,0.06,,,,0,1762783489439,1762783489790,
2025-11-10T14:04:49.790Z,SOLUSDT,ws,ws,1,1703874708,168.75,0.032,,,,0,1762783489439,1762783489790,
2025-11-10T14:04:49.790Z,SOLUSDT,ws,ws,1,1703874709,168.75,0.032,,,,0,1762783489439,1762783489790,
2025-11-10T14:04:49.790Z,SOLUSDT,ws,ws,1,1703874710,168.75,0.048,,,,0,1762783489439,1762783489790,
2025-11-10T14:04:49.790Z,SOLUSDT,ws,ws,1,1703874711,168.75,0.06,,,,0,1762783489439,1762783489790,
2025-11-10T14:04:49.790Z,SOLUSDT,ws,ws,1,1703874712,168.75,0.031,,,,0,1762783489439,1762783489790,
2025-11-10T14:04:49.790Z,SOLUSDT,ws,ws,1,1703874713,168.75,0.031,,,,0,1762783489439,1762783489790,
2025-11-10T14:04:49.790Z,SOLUSDT,ws,ws,1,1703874714,168.75,0.031,,,,0,1762783489439,1762783489790,
2025-11-10T14:04:49.791Z,SOLUSDT,ws,ws,1,1703874715,168.75,0.032,,,,0,1762783489439,1762783489790,
2025-11-10T14:04:49.791Z,SOLUSDT,ws,ws,1,1703874716,168.75,0.032,,,,0,1762783489439,1762783489790,
2025-11-10T14:04:49.791Z,SOLUSDT,ws,ws,1,1703874717,168.75,0.031,,,,0,1762783489439,1762783489791,
2025-11-10T14:04:49.791Z,SOLUSDT,ws,ws,1,1703874718,168.75,0.032,,,,0,1762783489439,1762783489791,
2025-11-10T14:04:49.791Z,SOLUSDT,ws,ws,1,1703874719,168.75,0.032,,,,0,1762783489439,1762783489791,
2025-11-10T14:04:49.791Z,SOLUSDT,ws,ws,1,1703874720,168.75,0.032,,,,0,1762783489439,1762783489791,
2025-11-10T14:04:49.791Z,SOLUSDT,ws,ws,1,1703874721,168.75,0.032,,,,0,1762783489439,1762783489791,
2025-11-10T14:04:49.791Z,SOLUSDT,ws,ws,1,1703874722,168.75,0.031,,,,0,1762783489439,1762783489791,
2025-11-10T14:04:49.791Z,SOLUSDT,ws,ws,1,1703874723,168.75,0.032,,,,0,1762783489439,1762783489791,
2025-11-10T14:04:49.791Z,SOLUSDT,ws,ws,1,1703874724,168.75,0.032,,,,0,1762783489439,1762783489791,
2025-11-10T14:04:49.791Z,SOLUSDT,ws,ws,1,1703874725,168.75,0.032,,,,0,1762783489439,1762783489791,
2025-11-10T14:04:49.791Z,SOLUSDT,ws,ws,1,1703874726,168.76,0.035,,,,0,1762783489445,1762783489791,
2025-11-10T14:04:49.791Z,SOLUSDT,ws,ws,1,1703874727,168.76,0.06,,,,0,1762783489445,1762783489791,
2025-11-10T14:04:49.791Z,SOLUSDT,ws,ws,1,1703874728,168.76,0.036,,,,0,1762783489445,1762783489791,
2025-11-10T14:04:49.791Z,SOLUSDT,ws,ws,1,1703874729,168.76,0.03,,,,0,1762783489445,1762783489791,
2025-11-10T14:04:49.791Z,SOLUSDT,ws,ws,1,1703874730,168.76,0.254,,,,0,1762783489445,1762783489791,
2025-11-10T14:04:49.791Z,SOLUSDT,ws,ws,1,1703874731,168.75,0.036,,,,0,1762783489552,1762783489791,
2025-11-10T14:04:49.949Z,SOLUSDT,ws,ws,1,1703874732,168.76,0.146,,,,0,1762783489797,1762783489949,
2025-11-10T14:04:49.949Z,SOLUSDT,ws,ws,1,1703874733,168.76,0.033,,,,0,1762783489797,1762783489949,
2025-11-10T14:04:49.949Z,SOLUSDT,ws,ws,1,1703874734,168.76,0.032,,,,0,1762783489797,1762783489949,
2025-11-10T14:04:49.949Z,SOLUSDT,ws,ws,1,1703874735,168.76,0.032,,,,0,1762783489797,1762783489949,
2025-11-10T14:04:49.950Z,SOLUSDT,ws,ws,1,1703874736,168.76,0.032,,,,0,1762783489797,1762783489949,
2025-11-10T14:04:49.950Z,SOLUSDT,ws,ws,1,1703874737,168.76,0.032,,,,0,1762783489797,1762783489950,
2025-11-10T14:04:49.950Z,SOLUSDT,ws,ws,1,1703874738,168.76,0.048,,,,0,1762783489797,1762783489950,
2025-11-10T14:04:49.950Z,SOLUSDT,ws,ws,1,1703874739,168.76,0.031,,,,0,1762783489797,1762783489950,
2025-11-10T14:04:49.950Z,SOLUSDT,ws,ws,1,1703874740,168.76,0.031,,,,0,1762783489797,1762783489950,
2025-11-10T14:04:49.950Z,SOLUSDT,ws,ws,1,1703874741,168.76,0.032,,,,0,1762783489797,1762783489950,
2025-11-10T14:04:49.950Z,SOLUSDT,ws,ws,1,1703874742,168.76,0.032,,,,0,1762783489797,1762783489950,
2025-11-10T14:04:49.950Z,SOLUSDT,ws,ws,1,1703874743,168.76,0.032,,,,0,1762783489797,1762783489950,
2025-11-10T14:04:49.950Z,SOLUSDT,ws,ws,1,1703874744,168.76,0.032,,,,0,1762783489797,1762783489950,
2025-11-10T14:04:49.950Z,SOLUSDT,ws,ws,1,1703874745,168.76,0.032,,,,0,1762783489797,1762783489950,
2025-11-10T14:04:49.950Z,SOLUSDT,ws,ws,1,1703874746,168.76,0.031,,,,0,1762783489797,1762783489950,
2025-11-10T14:04:49.950Z,SOLUSDT,ws,ws,1,1703874747,168.76,0.032,,,,0,1762783489797,1762783489950,
2025-11-10T14:04:49.950Z,SOLUSDT,ws,ws,1,1703874748,168.76,0.031,,,,0,1762783489797,1762783489950,
2025-11-10T14:04:49.950Z,SOLUSDT,ws,ws,1,1703874749,168.76,0.03,,,,0,1762783489797,1762783489950,
2025-11-10T14:04:49.950Z,SOLUSDT,ws,ws,1,1703874750,168.76,0.303,,,,0,1762783489797,1762783489950,
2025-11-10T14:04:49.950Z,SOLUSDT,ws,ws,1,1703874751,168.76,5.94,,,,0,1762783489797,1762783489950,
2025-11-10T14:04:49.950Z,SOLUSDT,ws,ws,1,1703874752,168.76,0.031,,,,0,1762783489797,1762783489950,
2025-11-10T14:04:49.950Z,SOLUSDT,ws,ws,1,1703874753,168.76,0.298,,,,0,1762783489797,1762783489950,
2025-11-10T14:04:49.950Z,SOLUSDT,ws,ws,1,1703874754,168.76,0.032,,,,0,1762783489797,1762783489950,
2025-11-10T14:04:49.950Z,SOLUSDT,ws,ws,1,1703874755,168.76,0.032,,,,0,1762783489797,1762783489950,
2025-11-10T14:04:49.950Z,SOLUSDT,ws,ws,1,1703874756,168.76,0.032,,,,0,1762783489797,1762783489950,
2025-11-10T14:04:49.973Z,SOLUSDT,mmap,./rings/binance_trade_chunk3,1,213800,168.76,0.146,,,,1762783489940,0,1762783489973,
2025-11-10T14:04:49.974Z,SOLUSDT,mmap,./rings/binance_trade_chunk3,1,213801,168.76,0.033,,,,1762783489940,0,1762783489973,
2025-11-10T14:04:49.974Z,SOLUSDT,mmap,./rings/binance_trade_chunk3,1,213802,168.76,0.032,,,,1762783489940,0,1762783489973,
2025-11-10T14:04:49.974Z,SOLUSDT,mmap,./rings/binance_trade_chunk3,1,213803,168.76,0.032,,,,1762783489940,0,1762783489974,
2025-11-10T14:04:49.974Z,SOLUSDT,mmap,./rings/binance_trade_chunk3,1,213804,168.76,0.032,,,,1762783489940,0,1762783489974,
2025-11-10T14:04:49.974Z,SOLUSDT,mmap,./rings/binance_trade_chunk3,1,213805,168.76,0.032,,,,1762783489940,0,1762783489974,
2025-11-10T14:04:49.974Z,SOLUSDT,mmap,./rings/binance_trade_chunk3,1,213806,168.76,0.048,,,,1762783489940,0,1762783489974,
2025-11-10T14:04:49.974Z,SOLUSDT,mmap,./rings/binance_trade_chunk3,1,213807,168.76,0.031,,,,1762783489940,0,1762783489974,
2025-11-10T14:04:49.974Z,SOLUSDT,mmap,./rings/binance_trade_chunk3,1,213808,168.76,0.031,,,,1762783489940,0,1762783489974,
2025-11-10T14:04:49.974Z,SOLUSDT,mmap,./rings/binance_trade_chunk3,1,213809,168.76,0.032,,,,1762783489940,0,1762783489974,
2025-11-10T14:04:49.974Z,SOLUSDT,mmap,./rings/binance_trade_chunk3,1,213810,168.76,0.032,,,,1762783489940,0,1762783489974,
2025-11-10T14:04:49.974Z,SOLUSDT,mmap,./rings/binance_trade_chunk3,1,213811,168.76,0.032,,,,1762783489940,0,1762783489974,
2025-11-10T14:04:49.974Z,SOLUSDT,mmap,./rings/binance_trade_chunk3,1,213812,168.76,0.032,,,,1762783489940,0,1762783489974,
2025-11-10T14:04:49.974Z,SOLUSDT,mmap,./rings/binance_trade_chunk3,1,213813,168.76,0.032,,,,1762783489940,0,1762783489974,
2025-11-10T14:04:49.974Z,SOLUSDT,mmap,./rings/binance_trade_chunk3,1,213814,168.76,0.031,,,,1762783489940,0,1762783489974,
2025-11-10T14:04:49.974Z,SOLUSDT,mmap,./rings/binance_trade_chunk3,1,213815,168.76,0.032,,,,1762783489940,0,1762783489974,
2025-11-10T14:04:49.974Z,SOLUSDT,mmap,./rings/binance_trade_chunk3,1,213816,168.76,0.031,,,,1762783489940,0,1762783489974,
2025-11-10T14:04:49.974Z,SOLUSDT,mmap,./rings/binance_trade_chunk3,1,213817,168.76,0.03,,,,1762783489940,0,1762783489974,
2025-11-10T14:04:49.974Z,SOLUSDT,mmap,./rings/binance_trade_chunk3,1,213818,168.76,0.303,,,,1762783489940,0,1762783489974,
2025-11-10T14:04:49.974Z,SOLUSDT,mmap,./rings/binance_trade_chunk3,1,213819,168.76,5.94,,,,1762783489940,0,1762783489974,
2025-11-10T14:04:49.974Z,SOLUSDT,mmap,./rings/binance_trade_chunk3,1,213820,168.76,0.031,,,,1762783489940,0,1762783489974,
2025-11-10T14:04:49.974Z,SOLUSDT,mmap,./rings/binance_trade_chunk3,1,213821,168.76,0.298,,,,1762783489940,0,1762783489974,
2025-11-10T14:04:49.974Z,SOLUSDT,mmap,./rings/binance_trade_chunk3,1,213822,168.76,0.032,,,,1762783489940,0,1762783489974,
2025-11-10T14:04:49.974Z,SOLUSDT,mmap,./rings/binance_trade_chunk3,1,213823,168.76,0.032,,,,1762783489940,0,1762783489974,
2025-11-10T14:04:49.974Z,SOLUSDT,mmap,./rings/binance_trade_chunk3,1,213824,168.76,0.032,,,,1762783489940,0,1762783489974,
2025-11-10T14:04:50.538Z,SOLUSDT,ws,ws,1,1703874757,168.76,0.091,,,,0,1762783490387,1762783490538,
2025-11-10T14:04:50.538Z,SOLUSDT,mmap,./rings/binance_trade_chunk3,1,214063,168.76,0.091,,,,1762783490529,0,1762783490538,
2025-11-10T14:04:50.538Z,SOLUSDT,mmap,./rings/binance_trade_chunk3,1,214064,168.76,0.12,,,,1762783490532,0,1762783490538,
2025-11-10T14:04:50.538Z,SOLUSDT,mmap,./rings/binance_trade_chunk3,1,214065,168.76,0.301,,,,1762783490532,0,1762783490538,
2025-11-10T14:04:50.541Z,SOLUSDT,ws,ws,1,1703874758,168.76,0.12,,,,0,1762783490389,1762783490541,
2025-11-10T14:04:50.541Z,SOLUSDT,ws,ws,1,1703874759,168.76,0.301,,,,0,1762783490390,1762783490541,
2025-11-10T14:04:50.553Z,SOLUSDT,ws,ws,1,1703874760,168.76,0.179,,,,0,1762783490399,1762783490553,
2025-11-10T14:04:50.565Z,SOLUSDT,ws,ws,1,1703874761,168.76,0.149,,,,0,1762783490412,1762783490565,
2025-11-10T14:04:50.569Z,SOLUSDT,ws,ws,1,1703874762,168.76,0.18,,,,0,1762783490416,1762783490569,
2025-11-10T14:04:50.574Z,SOLUSDT,ws,ws,1,1703874763,168.76,0.241,,,,0,1762783490419,1762783490574,
2025-11-10T14:04:50.574Z,SOLUSDT,ws,ws,1,1703874764,168.76,0.09,,,,0,1762783490421,1762783490574,
2025-11-10T14:04:50.577Z,SOLUSDT,ws,ws,1,1703874765,168.76,0.421,,,,0,1762783490424,1762783490576,
2025-11-10T14:04:50.581Z,SOLUSDT,ws,ws,1,1703874766,168.76,0.241,,,,0,1762783490425,1762783490581,
2025-11-10T14:04:50.581Z,SOLUSDT,ws,ws,1,1703874767,168.76,0.149,,,,0,1762783490426,1762783490581,
2025-11-10T14:04:50.585Z,SOLUSDT,ws,ws,1,1703874768,168.76,0.15,,,,0,1762783490428,1762783490585,
2025-11-10T14:04:50.585Z,SOLUSDT,ws,ws,1,1703874769,168.76,0.21,,,,0,1762783490429,1762783490585,
2025-11-10T14:04:50.585Z,SOLUSDT,ws,ws,1,1703874770,168.76,0.482,,,,0,1762783490430,1762783490585,
2025-11-10T14:04:50.585Z,SOLUSDT,ws,ws,1,1703874771,168.76,0.12,,,,0,1762783490431,1762783490585,
2025-11-10T14:04:50.587Z,SOLUSDT,ws,ws,1,1703874772,168.76,0.18,,,,0,1762783490436,1762783490587,
2025-11-10T14:04:50.589Z,SOLUSDT,mmap,./rings/binance_trade_chunk3,1,214070,168.76,0.179,,,,1762783490542,0,1762783490589,
2025-11-10T14:04:50.589Z,SOLUSDT,mmap,./rings/binance_trade_chunk3,1,214071,168.76,0.149,,,,1762783490554,0,1762783490589,
2025-11-10T14:04:50.589Z,SOLUSDT,mmap,./rings/binance_trade_chunk3,1,214072,168.76,0.18,,,,1762783490559,0,1762783490589,
2025-11-10T14:04:50.589Z,SOLUSDT,mmap,./rings/binance_trade_chunk3,1,214073,168.76,0.241,,,,1762783490560,0,1762783490589,
2025-11-10T14:04:50.589Z,SOLUSDT,mmap,./rings/binance_trade_chunk3,1,214074,168.76,0.09,,,,1762783490563,0,1762783490589,
2025-11-10T14:04:50.589Z,SOLUSDT,mmap,./rings/binance_trade_chunk3,1,214075,168.76,0.421,,,,1762783490566,0,1762783490589,
2025-11-10T14:04:50.589Z,SOLUSDT,mmap,./rings/binance_trade_chunk3,1,214076,168.76,0.241,,,,1762783490568,0,1762783490589,
2025-11-10T14:04:50.590Z,SOLUSDT,mmap,./rings/binance_trade_chunk3,1,214077,168.76,0.149,,,,1762783490568,0,1762783490589,
2025-11-10T14:04:50.590Z,SOLUSDT,mmap,./rings/binance_trade_chunk3,1,214078,168.76,0.15,,,,1762783490571,0,1762783490590,
2025-11-10T14:04:50.590Z,SOLUSDT,mmap,./rings/binance_trade_chunk3,1,214089,168.76,0.21,,,,1762783490572,0,1762783490590,
2025-11-10T14:04:50.590Z,SOLUSDT,mmap,./rings/binance_trade_chunk3,1,214090,168.76,0.482,,,,1762783490573,0,1762783490590,
2025-11-10T14:04:50.590Z,SOLUSDT,mmap,./rings/binance_trade_chunk3,1,214091,168.76,0.12,,,,1762783490573,0,1762783490590,
2025-11-10T14:04:50.590Z,SOLUSDT,mmap,./rings/binance_trade_chunk3,1,214094,168.76,0.18,,,,1762783490578,0,1762783490590,
2025-11-10T14:04:50.613Z,SOLUSDT,ws,ws,1,1703874773,168.76,0.12,,,,0,1762783490460,1762783490613,
2025-11-10T14:04:50.617Z,SOLUSDT,ws,ws,1,1703874774,168.76,0.301,,,,0,1762783490465,1762783490617,
2025-11-10T14:04:50.617Z,SOLUSDT,ws,ws,1,1703874775,168.76,0.299,,,,0,1762783490466,1762783490617,
2025-11-10T14:04:50.622Z,SOLUSDT,ws,ws,1,1703874776,168.76,0.15,,,,0,1762783490467,1762783490622,
2025-11-10T14:04:50.622Z,SOLUSDT,ws,ws,1,1703874777,168.76,0.18,,,,0,1762783490468,1762783490622,
2025-11-10T14:04:50.627Z,SOLUSDT,ws,ws,1,1703874778,168.76,0.091,,,,0,1762783490475,1762783490627,
2025-11-10T14:04:50.627Z,SOLUSDT,ws,ws,1,1703874779,168.76,0.299,,,,0,1762783490476,1762783490627,
2025-11-10T14:04:50.641Z,SOLUSDT,mmap,./rings/binance_trade_chunk3,1,214103,168.76,0.12,,,,1762783490601,0,1762783490641,
2025-11-10T14:04:50.641Z,SOLUSDT,mmap,./rings/binance_trade_chunk3,1,214104,168.76,0.301,,,,1762783490609,0,1762783490641,
2025-11-10T14:04:50.641Z,SOLUSDT,mmap,./rings/binance_trade_chunk3,1,214105,168.76,0.299,,,,1762783490609,0,1762783490641,
2025-11-10T14:04:50.641Z,SOLUSDT,mmap,./rings/binance_trade_chunk3,1,214106,168.76,0.15,,,,1762783490609,0,1762783490641,
2025-11-10T14:04:50.641Z,SOLUSDT,mmap,./rings/binance_trade_chunk3,1,214107,168.76,0.18,,,,1762783490610,0,1762783490641,
2025-11-10T14:04:50.641Z,SOLUSDT,mmap,./rings/binance_trade_chunk3,1,214109,168.76,0.091,,,,1762783490617,0,1762783490641,
2025-11-10T14:04:50.641Z,SOLUSDT,mmap,./rings/binance_trade_chunk3,1,214110,168.76,0.299,,,,1762783490618,0,1762783490641,
2025-11-10T14:04:50.654Z,SOLUSDT,ws,ws,1,1703874780,168.76,0.917,,,,0,1762783490503,1762783490654,
2025-11-10T14:04:50.655Z,SOLUSDT,ws,ws,1,1703874781,168.76,0.091,,,,0,1762783490504,1762783490655,
2025-11-10T14:04:50.656Z,SOLUSDT,ws,ws,1,1703874782,168.77,0.052,,,,0,1762783490506,1762783490656,
2025-11-10T14:04:50.658Z,SOLUSDT,ws,ws,1,1703874783,168.76,0.091,,,,0,1762783490507,1762783490658,
2025-11-10T14:04:50.683Z,SOLUSDT,ws,ws,1,1703874784,168.76,0.09,,,,0,1762783490532,1762783490683,
2025-11-10T14:04:50.690Z,SOLUSDT,ws,ws,1,1703874785,168.76,0.209,,,,0,1762783490539,1762783490690,
2025-11-10T14:04:50.692Z,SOLUSDT,mmap,./rings/binance_trade_chunk3,1,214112,168.76,0.917,,,,1762783490645,0,1762783490692,
2025-11-10T14:04:50.692Z,SOLUSDT,mmap,./rings/binance_trade_chunk3,1,214113,168.76,0.091,,,,1762783490646,0,1762783490692,
2025-11-10T14:04:50.692Z,SOLUSDT,mmap,./rings/binance_trade_chunk3,1,214115,168.77,0.052,,,,1762783490648,0,1762783490692,
2025-11-10T14:04:50.692Z,SOLUSDT,mmap,./rings/binance_trade_chunk3,1,214116,168.76,0.091,,,,1762783490649,0,1762783490692,
2025-11-10T14:04:50.692Z,SOLUSDT,mmap,./rings/binance_trade_chunk3,1,214119,168.76,0.09,,,,1762783490674,0,1762783490692,
2025-11-10T14:04:50.692Z,SOLUSDT,mmap,./rings/binance_trade_chunk3,1,214122,168.76,0.209,,,,1762783490680,0,1762783490692,
2025-11-10T14:04:50.692Z,SOLUSDT,mmap,./rings/binance_trade_chunk3,1,214123,168.76,0.091,,,,1762783490684,0,1762783490692,
2025-11-10T14:04:50.692Z,SOLUSDT,mmap,./rings/binance_trade_chunk3,1,214124,168.76,0.18,,,,1762783490684,0,1762783490692,
2025-11-10T14:04:50.692Z,SOLUSDT,mmap,./rings/binance_trade_chunk3,1,214125,168.76,0.241,,,,1762783490685,0,1762783490692,
2025-11-10T14:04:50.692Z,SOLUSDT,mmap,./rings/binance_trade_chunk3,1,214126,168.76,0.091,,,,1762783490686,0,1762783490692,
2025-11-10T14:04:50.692Z,SOLUSDT,mmap,./rings/binance_trade_chunk3,1,214127,168.76,0.415,,,,1762783490691,0,1762783490692,
2025-11-10T14:04:50.693Z,SOLUSDT,ws,ws,1,1703874786,168.76,0.091,,,,0,1762783490541,1762783490693,
2025-11-10T14:04:50.693Z,SOLUSDT,ws,ws,1,1703874787,168.76,0.18,,,,0,1762783490542,1762783490693,
2025-11-10T14:04:50.698Z,SOLUSDT,ws,ws,1,1703874788,168.76,0.241,,,,0,1762783490544,1762783490698,
2025-11-10T14:04:50.698Z,SOLUSDT,ws,ws,1,1703874789,168.76,0.091,,,,0,1762783490545,1762783490698,
2025-11-10T14:04:50.701Z,SOLUSDT,ws,ws,1,1703874790,168.76,0.415,,,,0,1762783490549,1762783490701,
2025-11-10T14:04:50.713Z,SOLUSDT,ws,ws,1,1703874791,168.76,0.09,,,,0,1762783490557,1762783490713,
2025-11-10T14:04:50.730Z,SOLUSDT,ws,ws,1,1703874792,168.76,0.15,,,,0,1762783490578,1762783490730,
2025-11-10T14:04:50.743Z,SOLUSDT,mmap,./rings/binance_trade_chunk3,1,214128,168.76,0.09,,,,1762783490699,0,1762783490743,
2025-11-10T14:04:50.743Z,SOLUSDT,mmap,./rings/binance_trade_chunk3,1,214134,168.76,0.15,,,,1762783490720,0,1762783490743,
2025-11-10T14:04:50.743Z,SOLUSDT,mmap,./rings/binance_trade_chunk3,1,214136,168.76,0.089,,,,1762783490739,0,1762783490743,
2025-11-10T14:04:50.744Z,SOLUSDT,mmap,./rings/binance_trade_chunk3,1,214145,168.76,1.505,,,,1762783490742,0,1762783490744,
2025-11-10T14:04:50.750Z,SOLUSDT,ws,ws,1,1703874793,168.76,0.089,,,,0,1762783490596,1762783490750,
2025-11-10T14:04:50.754Z,SOLUSDT,ws,ws,1,1703874794,168.76,1.505,,,,0,1762783490599,1762783490754,
2025-11-10T14:04:50.761Z,SOLUSDT,ws,ws,1,1703874795,168.76,0.119,,,,0,1762783490610,1762783490761,
2025-11-10T14:04:50.765Z,SOLUSDT,ws,ws,1,1703874796,168.76,0.663,,,,0,1762783490611,1762783490765,
2025-11-10T14:04:50.765Z,SOLUSDT,ws,ws,1,1703874797,168.76,0.301,,,,0,1762783490611,1762783490765,
2025-11-10T14:04:50.778Z,SOLUSDT,ws,ws,1,1703874798,168.76,0.091,,,,0,1762783490619,1762783490777,
2025-11-10T14:04:50.778Z,SOLUSDT,ws,ws,1,1703874799,168.76,0.118,,,,0,1762783490620,1762783490778,
2025-11-10T14:04:50.782Z,SOLUSDT,ws,ws,1,1703874800,168.76,0.482,,,,0,1762783490625,1762783490782,
2025-11-10T14:04:50.782Z,SOLUSDT,ws,ws,1,1703874801,168.76,0.241,,,,0,1762783490625,1762783490782,
2025-11-10T14:04:50.782Z,SOLUSDT,ws,ws,1,1703874802,168.76,0.091,,,,0,1762783490627,1762783490782,
2025-11-10T14:04:50.795Z,SOLUSDT,mmap,./rings/binance_trade_chunk3,1,214146,168.76,0.119,,,,1762783490752,0,1762783490795,
2025-11-10T14:04:50.795Z,SOLUSDT,mmap,./rings/binance_trade_chunk3,1,214147,168.76,0.663,,,,1762783490755,0,1762783490795,
2025-11-10T14:04:50.795Z,SOLUSDT,mmap,./rings/binance_trade_chunk3,1,214148,168.76,0.301,,,,1762783490755,0,1762783490795,
2025-11-10T14:04:50.795Z,SOLUSDT,mmap,./rings/binance_trade_chunk3,1,214149,168.76,0.091,,,,1762783490761,0,1762783490795,
2025-11-10T14:04:50.795Z,SOLUSDT,mmap,./rings/binance_trade_chunk3,1,214150,168.76,0.118,,,,1762783490762,0,1762783490795,
2025-11-10T14:04:50.795Z,SOLUSDT,mmap,./rings/binance_trade_chunk3,1,214151,168.76,0.482,,,,1762783490767,0,1762783490795,
2025-11-10T14:04:50.795Z,SOLUSDT,mmap,./rings/binance_trade_chunk3,1,214152,168.76,0.241,,,,1762783490767,0,1762783490795,
2025-11-10T14:04:50.795Z,SOLUSDT,mmap,./rings/binance_trade_chunk3,1,214153,168.76,0.091,,,,1762783490769,0,1762783490795,
2025-11-10T14:04:50.795Z,SOLUSDT,mmap,./rings/binance_trade_chunk3,1,214161,168.76,0.904,,,,1762783490791,0,1762783490795,
2025-11-10T14:04:50.795Z,SOLUSDT,mmap,./rings/binance_trade_chunk3,1,214162,168.76,0.09,,,,1762783490792,0,1762783490795,
2025-11-10T14:04:50.801Z,SOLUSDT,ws,ws,1,1703874803,168.76,0.904,,,,0,1762783490648,1762783490801,
2025-11-10T14:04:50.801Z,SOLUSDT,ws,ws,1,1703874804,168.76,0.09,,,,0,1762783490650,1762783490801,
2025-11-10T14:04:50.805Z,SOLUSDT,ws,ws,1,1703874805,168.76,0.091,,,,0,1762783490653,1762783490805,
2025-11-10T14:04:50.805Z,SOLUSDT,ws,ws,1,1703874806,168.76,0.15,,,,0,1762783490653,1762783490805,
2025-11-10T14:04:50.805Z,SOLUSDT,ws,ws,1,1703874807,168.76,0.101,,,,0,1762783490653,1762783490805,
2025-11-10T14:04:50.812Z,SOLUSDT,ws,ws,1,1703874808,168.76,0.09,,,,0,1762783490660,1762783490812,
2025-11-10T14:04:50.815Z,SOLUSDT,ws,ws,1,1703874809,168.76,0.091,,,,0,1762783490664,1762783490815,
2025-11-10T14:04:50.817Z,SOLUSDT,ws,ws,1,1703874810,168.76,0.301,,,,0,1762783490665,1762783490817,
2025-11-10T14:04:50.821Z,SOLUSDT,ws,ws,1,1703874811,168.76,0.18,,,,0,1762783490667,1762783490821,
2025-11-10T14:04:50.822Z,SOLUSDT,ws,ws,1,1703874812,168.76,0.089,,,,0,1762783490671,1762783490822,
2025-11-10T14:04:50.824Z,SOLUSDT,ws,ws,1,1703874813,168.76,0.241,,,,0,1762783490673,1762783490824,
2025-11-10T14:04:50.831Z,SOLUSDT,ws,ws,1,1703874814,168.76,0.21,,,,0,1762783490680,1762783490831,
2025-11-10T14:04:50.846Z,SOLUSDT,mmap,./rings/binance_trade_chunk3,1,214163,168.76,0.091,,,,1762783490796,0,1762783490846,
2025-11-10T14:04:50.846Z,SOLUSDT,mmap,./rings/binance_trade_chunk3,1,214164,168.76,0.15,,,,1762783490796,0,1762783490846,
2025-11-10T14:04:50.846Z,SOLUSDT,mmap,./rings/binance_trade_chunk3,1,214165,168.76,0.101,,,,1762783490796,0,1762783490846,
2025-11-10T14:04:50.846Z,SOLUSDT,mmap,./rings/binance_trade_chunk3,1,214166,168.76,0.09,,,,1762783490803,0,1762783490846,
2025-11-10T14:04:50.846Z,SOLUSDT,mmap,./rings/binance_trade_chunk3,1,214167,168.76,0.091,,,,1762783490806,0,1762783490846,
2025-11-10T14:04:50.846Z,SOLUSDT,mmap,./rings/binance_trade_chunk3,1,214168,168.76,0.301,,,,1762783490808,0,1762783490846,
2025-11-10T14:04:50.846Z,SOLUSDT,mmap,./rings/binance_trade_chunk3,1,214169,168.76,0.18,,,,1762783490810,0,1762783490846,
2025-11-10T14:04:50.846Z,SOLUSDT,mmap,./rings/binance_trade_chunk3,1,214170,168.76,0.089,,,,1762783490813,0,1762783490846,
2025-11-10T14:04:50.846Z,SOLUSDT,mmap,./rings/binance_trade_chunk3,1,214171,168.76,0.241,,,,1762783490815,0,1762783490846,
2025-11-10T14:04:50.846Z,SOLUSDT,mmap,./rings/binance_trade_chunk3,1,214175,168.76,0.21,,,,1762783490822,0,1762783490846,
2025-11-10T14:04:50.847Z,SOLUSDT,mmap,./rings/binance_trade_chunk3,1,214184,168.76,0.299,,,,1762783490845,0,1762783490847,
2025-11-10T14:04:50.856Z,SOLUSDT,ws,ws,1,1703874815,168.76,0.299,,,,0,1762783490703,1762783490856,
2025-11-10T14:04:50.898Z,SOLUSDT,mmap,./rings/binance_trade_chunk3,1,214198,168.76,0.102,,,,1762783490892,0,1762783490898,
2025-11-10T14:04:50.902Z,SOLUSDT,ws,ws,1,1703874816,168.76,0.102,,,,0,1762783490749,1762783490902,
2025-11-10T14:04:50.969Z,SOLUSDT,ws,ws,1,1703874817,168.77,0.008,,,,0,1762783490818,1762783490969,
2025-11-10T14:04:50.970Z,SOLUSDT,ws,ws,1,1703874818,168.77,0.14,,,,0,1762783490818,1762783490969,
2025-11-10T14:04:50.981Z,SOLUSDT,ws,ws,1,1703874819,168.77,0.112,,,,0,1762783490826,1762783490981,
2025-11-10T14:04:50.981Z,SOLUSDT,ws,ws,1,1703874820,168.77,0.03,,,,0,1762783490826,1762783490981,
2025-11-10T14:04:50.982Z,SOLUSDT,ws,ws,1,1703874821,168.77,0.03,,,,0,1762783490826,1762783490981,
2025-11-10T14:04:50.982Z,SOLUSDT,ws,ws,1,1703874822,168.77,0.032,,,,0,1762783490826,1762783490982,
2025-11-10T14:04:50.982Z,SOLUSDT,ws,ws,1,1703874823,168.77,0.032,,,,0,1762783490826,1762783490982,
2025-11-10T14:04:50.982Z,SOLUSDT,ws,ws,1,1703874824,168.77,0.032,,,,0,1762783490826,1762783490982,
2025-11-10T14:04:50.982Z,SOLUSDT,ws,ws,1,1703874825,168.77,0.028,,,,0,1762783490826,1762783490982,
2025-11-10T14:04:51.000Z,SOLUSDT,mmap,./rings/binance_trade_chunk3,1,214212,168.77,0.008,,,,1762783490960,0,1762783491000,
2025-11-10T14:04:51.000Z,SOLUSDT,mmap,./rings/binance_trade_chunk3,1,214213,168.77,0.14,,,,1762783490960,0,1762783491000,
2025-11-10T14:04:51.000Z,SOLUSDT,mmap,./rings/binance_trade_chunk3,1,214214,168.77,0.112,,,,1762783490969,0,1762783491000,
2025-11-10T14:04:51.000Z,SOLUSDT,mmap,./rings/binance_trade_chunk3,1,214215,168.77,0.03,,,,1762783490969,0,1762783491000,
2025-11-10T14:04:51.000Z,SOLUSDT,mmap,./rings/binance_trade_chunk3,1,214216,168.77,0.03,,,,1762783490969,0,1762783491000,
2025-11-10T14:04:51.000Z,SOLUSDT,mmap,./rings/binance_trade_chunk3,1,214217,168.77,0.032,,,,1762783490969,0,1762783491000,
2025-11-10T14:04:51.000Z,SOLUSDT,mmap,./rings/binance_trade_chunk3,1,214218,168.77,0.032,,,,1762783490969,0,1762783491000,
2025-11-10T14:04:51.000Z,SOLUSDT,mmap,./rings/binance_trade_chunk3,1,214219,168.77,0.032,,,,1762783490969,0,1762783491000,
2025-11-10T14:04:51.000Z,SOLUSDT,mmap,./rings/binance_trade_chunk3,1,214220,168.77,0.028,,,,1762783490969,0,1762783491000,
2025-11-10T14:04:51.000Z,SOLUSDT,mmap,./rings/binance_trade_chunk3,1,214222,168.76,0.242,,,,1762783491000,0,1762783491000,
2025-11-10T14:04:51.009Z,SOLUSDT,ws,ws,1,1703874826,168.76,0.242,,,,0,1762783490858,1762783491009,
2025-11-10T14:04:51.026Z,SOLUSDT,ws,ws,1,1703874827,168.76,0.089,,,,0,1762783490871,1762783491025,
2025-11-10T14:04:51.028Z,SOLUSDT,ws,ws,1,1703874828,168.76,0.091,,,,0,1762783490876,1762783491027,
2025-11-10T14:04:51.034Z,SOLUSDT,ws,ws,1,1703874829,168.76,0.091,,,,0,1762783490883,1762783491034,
2025-11-10T14:04:51.043Z,SOLUSDT,ws,ws,1,1703874830,168.76,0.12,,,,0,1762783490889,1762783491042,
2025-11-10T14:04:51.051Z,SOLUSDT,mmap,./rings/binance_trade_chunk3,1,214222,168.76,0.242,,,,1762783491000,0,1762783491051,
2025-11-10T14:04:51.051Z,SOLUSDT,mmap,./rings/binance_trade_chunk3,1,214224,168.76,0.089,,,,1762783491014,0,1762783491051,
2025-11-10T14:04:51.052Z,SOLUSDT,mmap,./rings/binance_trade_chunk3,1,214226,168.76,0.091,,,,1762783491019,0,1762783491052,
2025-11-10T14:04:51.052Z,SOLUSDT,mmap,./rings/binance_trade_chunk3,1,214227,168.76,0.091,,,,1762783491025,0,1762783491052,
2025-11-10T14:04:51.052Z,SOLUSDT,mmap,./rings/binance_trade_chunk3,1,214229,168.76,0.12,,,,1762783491032,0,1762783491052,
2025-11-10T14:04:51.095Z,SOLUSDT,ws,ws,1,1703874831,168.76,0.089,,,,0,1762783490936,1762783491095,
2025-11-10T14:04:51.095Z,SOLUSDT,ws,ws,1,1703874832,168.76,0.238,,,,0,1762783490940,1762783491095,
2025-11-10T14:04:51.099Z,SOLUSDT,ws,ws,1,1703874833,168.76,0.089,,,,0,1762783490943,1762783491099,
2025-11-10T14:04:51.103Z,SOLUSDT,mmap,./rings/binance_trade_chunk3,1,214251,168.76,0.089,,,,1762783491079,0,1762783491103,
2025-11-10T14:04:51.103Z,SOLUSDT,mmap,./rings/binance_trade_chunk3,1,214252,168.76,0.238,,,,1762783491082,0,1762783491103,
2025-11-10T14:04:51.103Z,SOLUSDT,mmap,./rings/binance_trade_chunk3,1,214253,168.76,0.089,,,,1762783491085,0,1762783491103,
2025-11-10T14:04:51.103Z,SOLUSDT,mmap,./rings/binance_trade_chunk3,1,214255,168.76,0.449,,,,1762783491097,0,1762783491103,
2025-11-10T14:04:51.103Z,SOLUSDT,mmap,./rings/binance_trade_chunk3,1,214256,168.77,0.004,,,,1762783491100,0,1762783491103,
2025-11-10T14:04:51.103Z,SOLUSDT,mmap,./rings/binance_trade_chunk3,1,214257,168.77,0.048,,,,1762783491100,0,1762783491103,
2025-11-10T14:04:51.103Z,SOLUSDT,mmap,./rings/binance_trade_chunk3,1,214258,168.77,0.031,,,,1762783491100,0,1762783491103,
2025-11-10T14:04:51.103Z,SOLUSDT,mmap,./rings/binance_trade_chunk3,1,214259,168.77,0.006,,,,1762783491100,0,1762783491103,
2025-11-10T14:04:51.108Z,SOLUSDT,ws,ws,1,1703874834,168.76,0.449,,,,0,1762783490955,1762783491108,
2025-11-10T14:04:51.109Z,SOLUSDT,ws,ws,1,1703874835,168.77,0.004,,,,0,1762783490958,1762783491109,
2025-11-10T14:04:51.109Z,SOLUSDT,ws,ws,1,1703874836,168.77,0.048,,,,0,1762783490958,1762783491109,
2025-11-10T14:04:51.109Z,SOLUSDT,ws,ws,1,1703874837,168.77,0.031,,,,0,1762783490958,1762783491109,
2025-11-10T14:04:51.109Z,SOLUSDT,ws,ws,1,1703874838,168.77,0.006,,,,0,1762783490958,1762783491109,
2025-11-10T14:04:51.132Z,SOLUSDT,ws,ws,1,1703874839,168.77,0.025,,,,0,1762783490974,1762783491132,
2025-11-10T14:04:51.132Z,SOLUSDT,ws,ws,1,1703874840,168.77,0.064,,,,0,1762783490974,1762783491132,
2025-11-10T14:04:51.145Z,SOLUSDT,ws,ws,1,1703874841,168.77,0.118,,,,0,1762783490985,1762783491145,
2025-11-10T14:04:51.154Z,SOLUSDT,mmap,./rings/binance_trade_chunk3,1,214266,168.77,0.025,,,,1762783491116,0,1762783491154,
2025-11-10T14:04:51.154Z,SOLUSDT,mmap,./rings/binance_trade_chunk3,1,214267,168.77,0.064,,,,1762783491116,0,1762783491154,
2025-11-10T14:04:51.154Z,SOLUSDT,mmap,./rings/binance_trade_chunk3,1,214268,168.77,0.118,,,,1762783491127,0,1762783491154,
2025-11-10T14:04:51.181Z,SOLUSDT,ws,ws,1,1703874842,168.77,0.118,,,,0,1762783491028,1762783491181,
2025-11-10T14:04:51.181Z,SOLUSDT,ws,ws,1,1703874843,168.77,0.089,,,,0,1762783491029,1762783491181,
2025-11-10T14:04:51.205Z,SOLUSDT,mmap,./rings/binance_trade_chunk3,1,214270,168.77,0.118,,,,1762783491171,0,1762783491205,
2025-11-10T14:04:51.205Z,SOLUSDT,mmap,./rings/binance_trade_chunk3,1,214271,168.77,0.089,,,,1762783491171,0,1762783491205,
2025-11-10T14:04:51.233Z,SOLUSDT,ws,ws,1,1703874844,168.77,0.296,,,,0,1762783491066,1762783491233,
2025-11-10T14:04:51.237Z,SOLUSDT,ws,ws,1,1703874845,168.76,0.179,,,,0,1762783491075,1762783491237,
2025-11-10T14:04:51.237Z,SOLUSDT,ws,ws,1,1703874846,168.76,0.09,,,,0,1762783491079,1762783491237,
2025-11-10T14:04:51.252Z,SOLUSDT,ws,ws,1,1703874847,168.76,0.271,,,,0,1762783491084,1762783491251,
2025-11-10T14:04:51.252Z,SOLUSDT,ws,ws,1,1703874848,168.76,0.181,,,,0,1762783491086,1762783491252,
2025-11-10T14:04:51.253Z,SOLUSDT,ws,ws,1,1703874849,168.76,0.602,,,,0,1762783491088,1762783491253,
2025-11-10T14:04:51.253Z,SOLUSDT,ws,ws,1,1703874850,168.76,0.178,,,,0,1762783491089,1762783491253,
2025-11-10T14:04:51.253Z,SOLUSDT,ws,ws,1,1703874851,168.76,0.091,,,,0,1762783491094,1762783491253,
2025-11-10T14:04:51.257Z,SOLUSDT,mmap,./rings/binance_trade_chunk3,1,214275,168.77,0.296,,,,1762783491208,0,1762783491257,
2025-11-10T14:04:51.257Z,SOLUSDT,mmap,./rings/binance_trade_chunk3,1,214276,168.76,0.179,,,,1762783491217,0,1762783491257,
2025-11-10T14:04:51.257Z,SOLUSDT,mmap,./rings/binance_trade_chunk3,1,214277,168.76,0.09,,,,1762783491222,0,1762783491257,
2025-11-10T14:04:51.257Z,SOLUSDT,mmap,./rings/binance_trade_chunk3,1,214278,168.76,0.271,,,,1762783491226,0,1762783491257,
2025-11-10T14:04:51.257Z,SOLUSDT,mmap,./rings/binance_trade_chunk3,1,214279,168.76,0.181,,,,1762783491228,0,1762783491257,
2025-11-10T14:04:51.257Z,SOLUSDT,mmap,./rings/binance_trade_chunk3,1,214281,168.76,0.602,,,,1762783491230,0,1762783491257,
2025-11-10T14:04:51.257Z,SOLUSDT,mmap,./rings/binance_trade_chunk3,1,214282,168.76,0.178,,,,1762783491232,0,1762783491257,
2025-11-10T14:04:51.257Z,SOLUSDT,mmap,./rings/binance_trade_chunk3,1,214285,168.76,0.091,,,,1762783491235,0,1762783491257,
2025-11-10T14:04:51.282Z,SOLUSDT,ws,ws,1,1703874852,168.76,0.12,,,,0,1762783491123,1762783491281,
2025-11-10T14:04:51.295Z,SOLUSDT,ws,ws,1,1703874853,168.76,0.239,,,,0,1762783491137,1762783491295,
2025-11-10T14:04:51.307Z,SOLUSDT,ws,ws,1,1703874854,168.76,0.452,,,,0,1762783491154,1762783491306,
2025-11-10T14:04:51.308Z,SOLUSDT,mmap,./rings/binance_trade_chunk3,1,214286,168.76,0.12,,,,1762783491266,0,1762783491308,
2025-11-10T14:04:51.309Z,SOLUSDT,mmap,./rings/binance_trade_chunk3,1,214291,168.76,0.239,,,,1762783491279,0,1762783491308,
2025-11-10T14:04:51.309Z,SOLUSDT,mmap,./rings/binance_trade_chunk3,1,214306,168.76,0.452,,,,1762783491297,0,1762783491309,
2025-11-10T14:04:51.322Z,SOLUSDT,ws,ws,1,1703874855,168.76,0.21,,,,0,1762783491168,1762783491322,
2025-11-10T14:04:51.331Z,SOLUSDT,ws,ws,1,1703874856,168.76,0.298,,,,0,1762783491172,1762783491331,
2025-11-10T14:04:51.332Z,SOLUSDT,ws,ws,1,1703874857,168.76,0.421,,,,0,1762783491175,1762783491331,
2025-11-10T14:04:51.332Z,SOLUSDT,ws,ws,1,1703874858,168.76,0.209,,,,0,1762783491178,1762783491332,
2025-11-10T14:04:51.333Z,SOLUSDT,ws,ws,1,1703874859,168.76,0.361,,,,0,1762783491179,1762783491333,
2025-11-10T14:04:51.334Z,SOLUSDT,ws,ws,1,1703874860,168.76,0.301,,,,0,1762783491182,1762783491333,
2025-11-10T14:04:51.337Z,SOLUSDT,ws,ws,1,1703874861,168.76,0.091,,,,0,1762783491186,1762783491337,
2025-11-10T14:04:51.341Z,SOLUSDT,ws,ws,1,1703874862,168.76,0.301,,,,0,1762783491187,1762783491341,
2025-11-10T14:04:51.341Z,SOLUSDT,ws,ws,1,1703874863,168.76,0.12,,,,0,1762783491187,1762783491341,
2025-11-10T14:04:51.345Z,SOLUSDT,ws,ws,1,1703874864,168.76,0.15,,,,0,1762783491191,1762783491344,
2025-11-10T14:04:51.350Z,SOLUSDT,ws,ws,1,1703874865,168.76,0.055,,,,0,1762783491197,1762783491350,
2025-11-10T14:04:51.360Z,SOLUSDT,mmap,./rings/binance_trade_chunk3,1,214317,168.76,0.21,,,,1762783491311,0,1762783491360,
2025-11-10T14:04:51.360Z,SOLUSDT,mmap,./rings/binance_trade_chunk3,1,214321,168.76,0.298,,,,1762783491314,0,1762783491360,
2025-11-10T14:04:51.360Z,SOLUSDT,mmap,./rings/binance_trade_chunk3,1,214324,168.76,0.421,,,,1762783491318,0,1762783491360,
2025-11-10T14:04:51.360Z,SOLUSDT,mmap,./rings/binance_trade_chunk3,1,214328,168.76,0.209,,,,1762783491319,0,1762783491360,
2025-11-10T14:04:51.360Z,SOLUSDT,mmap,./rings/binance_trade_chunk3,1,214329,168.76,0.361,,,,1762783491322,0,1762783491360,
2025-11-10T14:04:51.360Z,SOLUSDT,mmap,./rings/binance_trade_chunk3,1,214330,168.76,0.301,,,,1762783491331,0,1762783491360,
2025-11-10T14:04:51.360Z,SOLUSDT,mmap,./rings/binance_trade_chunk3,1,214331,168.76,0.091,,,,1762783491331,0,1762783491360,
2025-11-10T14:04:51.360Z,SOLUSDT,mmap,./rings/binance_trade_chunk3,1,214332,168.76,0.301,,,,1762783491331,0,1762783491360,
2025-11-10T14:04:51.360Z,SOLUSDT,mmap,./rings/binance_trade_chunk3,1,214333,168.76,0.12,,,,1762783491331,0,1762783491360,
2025-11-10T14:04:51.360Z,SOLUSDT,mmap,./rings/binance_trade_chunk3,1,214334,168.76,0.15,,,,1762783491333,0,1762783491360,
2025-11-10T14:04:51.360Z,SOLUSDT,mmap,./rings/binance_trade_chunk3,1,214335,168.76,0.055,,,,1762783491340,0,1762783491360,
2025-11-10T14:04:51.389Z,SOLUSDT,ws,ws,1,1703874866,168.76,0.301,,,,0,1762783491236,1762783491389,
2025-11-10T14:04:51.392Z,SOLUSDT,ws,ws,1,1703874867,168.76,0.09,,,,0,1762783491241,1762783491392,
2025-11-10T14:04:51.402Z,SOLUSDT,ws,ws,1,1703874868,168.77,0.177,,,,0,1762783491249,1762783491402,
2025-11-10T14:04:51.402Z,SOLUSDT,ws,ws,1,1703874869,168.76,0.18,,,,0,1762783491250,1762783491402,
2025-11-10T14:04:51.405Z,SOLUSDT,ws,ws,1,1703874870,168.76,0.15,,,,0,1762783491253,1762783491405,
2025-11-10T14:04:51.410Z,SOLUSDT,ws,ws,1,1703874871,168.76,0.12,,,,0,1762783491257,1762783491410,
2025-11-10T14:04:51.410Z,SOLUSDT,ws,ws,1,1703874872,168.76,0.18,,,,0,1762783491257,1762783491410,
2025-11-10T14:04:51.410Z,SOLUSDT,ws,ws,1,1703874873,168.77,1.545,,,,0,1762783491257,1762783491410,
2025-11-10T14:04:51.410Z,SOLUSDT,ws,ws,1,1703874874,168.76,0.15,,,,0,1762783491258,1762783491410,
2025-11-10T14:04:51.411Z,SOLUSDT,mmap,./rings/binance_trade_chunk3,1,214339,168.76,0.301,,,,1762783491378,0,1762783491411,
2025-11-10T14:04:51.411Z,SOLUSDT,mmap,./rings/binance_trade_chunk3,1,214340,168.76,0.09,,,,1762783491387,0,1762783491411,
2025-11-10T14:04:51.411Z,SOLUSDT,mmap,./rings/binance_trade_chunk3,1,214341,168.77,0.177,,,,1762783491392,0,1762783491411,
2025-11-10T14:04:51.411Z,SOLUSDT,mmap,./rings/binance_trade_chunk3,1,214342,168.76,0.18,,,,1762783491392,0,1762783491411,
2025-11-10T14:04:51.411Z,SOLUSDT,mmap,./rings/binance_trade_chunk3,1,214343,168.76,0.15,,,,1762783491395,0,1762783491411,
2025-11-10T14:04:51.411Z,SOLUSDT,mmap,./rings/binance_trade_chunk3,1,214346,168.76,0.12,,,,1762783491399,0,1762783491411,
2025-11-10T14:04:51.411Z,SOLUSDT,mmap,./rings/binance_trade_chunk3,1,214347,168.76,0.18,,,,1762783491400,0,1762783491411,
2025-11-10T14:04:51.411Z,SOLUSDT,mmap,./rings/binance_trade_chunk3,1,214348,168.77,1.545,,,,1762783491400,0,1762783491411,
2025-11-10T14:04:51.411Z,SOLUSDT,mmap,./rings/binance_trade_chunk3,1,214349,168.76,0.15,,,,1762783491400,0,1762783491411,
2025-11-10T14:04:51.412Z,SOLUSDT,mmap,./rings/binance_trade_chunk3,1,214350,168.76,0.18,,,,1762783491403,0,1762783491411,
2025-11-10T14:04:51.412Z,SOLUSDT,mmap,./rings/binance_trade_chunk3,1,214351,168.76,0.12,,,,1762783491408,0,1762783491412,
2025-11-10T14:04:51.414Z,SOLUSDT,ws,ws,1,1703874875,168.76,0.18,,,,0,1762783491261,1762783491413,
2025-11-10T14:04:51.417Z,SOLUSDT,ws,ws,1,1703874876,168.76,0.12,,,,0,1762783491265,1762783491417,
2025-11-10T14:04:51.426Z,SOLUSDT,ws,ws,1,1703874877,168.76,0.18,,,,0,1762783491275,1762783491426,
2025-11-10T14:04:51.431Z,SOLUSDT,ws,ws,1,1703874878,168.76,0.15,,,,0,1762783491279,1762783491431,
2025-11-10T14:04:51.433Z,SOLUSDT,ws,ws,1,1703874879,168.76,0.121,,,,0,1762783491281,1762783491433,
2025-11-10T14:04:51.433Z,SOLUSDT,ws,ws,1,1703874880,168.76,0.299,,,,0,1762783491282,1762783491433,
2025-11-10T14:04:51.438Z,SOLUSDT,ws,ws,1,1703874881,168.76,0.602,,,,0,1762783491284,1762783491438,
2025-11-10T14:04:51.440Z,SOLUSDT,ws,ws,1,1703874882,168.76,0.271,,,,0,1762783491286,1762783491440,
2025-11-10T14:04:51.463Z,SOLUSDT,mmap,./rings/binance_trade_chunk3,1,214353,168.76,0.18,,,,1762783491417,0,1762783491462,
2025-11-10T14:04:51.463Z,SOLUSDT,mmap,./rings/binance_trade_chunk3,1,214354,168.76,0.15,,,,1762783491422,0,1762783491463,
2025-11-10T14:04:51.463Z,SOLUSDT,mmap,./rings/binance_trade_chunk3,1,214355,168.76,0.121,,,,1762783491424,0,1762783491463,
2025-11-10T14:04:51.463Z,SOLUSDT,mmap,./rings/binance_trade_chunk3,1,214356,168.76,0.299,,,,1762783491424,0,1762783491463,
2025-11-10T14:04:51.463Z,SOLUSDT,mmap,./rings/binance_trade_chunk3,1,214357,168.76,0.602,,,,1762783491426,0,1762783491463,
2025-11-10T14:04:51.463Z,SOLUSDT,mmap,./rings/binance_trade_chunk3,1,214358,168.76,0.271,,,,1762783491428,0,1762783491463,
2025-11-10T14:04:51.477Z,SOLUSDT,ws,ws,1,1703874883,168.76,0.091,,,,0,1762783491325,1762783491477,
2025-11-10T14:04:51.481Z,SOLUSDT,ws,ws,1,1703874884,168.76,0.18,,,,0,1762783491326,1762783491481,
2025-11-10T14:04:51.514Z,SOLUSDT,mmap,./rings/binance_trade_chunk3,1,214437,168.76,0.091,,,,1762783491467,0,1762783491514,
2025-11-10T14:04:51.514Z,SOLUSDT,mmap,./rings/binance_trade_chunk3,1,214438,168.76,0.18,,,,1762783491469,0,1762783491514,
2025-11-10T14:04:51.553Z,SOLUSDT,ws,ws,1,1703874885,168.76,0.149,,,,0,1762783491402,1762783491553,
2025-11-10T14:04:51.565Z,SOLUSDT,mmap,./rings/binance_trade_chunk3,1,214458,168.76,0.149,,,,1762783491544,0,1762783491565,
2025-11-10T14:04:51.667Z,SOLUSDT,mmap,./rings/binance_trade_chunk3,1,214472,168.76,0.119,,,,1762783491664,0,1762783491667,
2025-11-10T14:04:51.667Z,SOLUSDT,mmap,./rings/binance_trade_chunk3,1,214473,168.76,0.299,,,,1762783491665,0,1762783491667,
2025-11-10T14:04:51.675Z,SOLUSDT,ws,ws,1,1703874886,168.76,0.119,,,,0,1762783491521,1762783491675,
2025-11-10T14:04:51.678Z,SOLUSDT,ws,ws,1,1703874887,168.76,0.299,,,,0,1762783491524,1762783491678,
2025-11-10T14:04:51.681Z,SOLUSDT,ws,ws,1,1703874888,168.76,0.15,,,,0,1762783491530,1762783491681,
2025-11-10T14:04:51.682Z,SOLUSDT,ws,ws,1,1703874889,168.76,0.18,,,,0,1762783491531,1762783491682,
2025-11-10T14:04:51.686Z,SOLUSDT,ws,ws,1,1703874890,168.76,0.241,,,,0,1762783491534,1762783491686,
2025-11-10T14:04:51.690Z,SOLUSDT,ws,ws,1,1703874891,168.76,0.361,,,,0,1762783491538,1762783491690,
2025-11-10T14:04:51.692Z,SOLUSDT,ws,ws,1,1703874892,168.76,0.301,,,,0,1762783491541,1762783491691,
2025-11-10T14:04:51.695Z,SOLUSDT,ws,ws,1,1703874893,168.76,0.299,,,,0,1762783491543,1762783491695,
2025-11-10T14:04:51.702Z,SOLUSDT,ws,ws,1,1703874894,168.76,0.18,,,,0,1762783491549,1762783491702,
2025-11-10T14:04:51.706Z,SOLUSDT,ws,ws,1,1703874895,168.76,0.091,,,,0,1762783491551,1762783491706,
2025-11-10T14:04:51.714Z,SOLUSDT,ws,ws,1,1703874896,168.76,0.18,,,,0,1762783491563,1762783491714,
2025-11-10T14:04:51.717Z,SOLUSDT,ws,ws,1,1703874897,168.76,0.27,,,,0,1762783491564,1762783491717,
2025-11-10T14:04:51.718Z,SOLUSDT,mmap,./rings/binance_trade_chunk3,1,214474,168.76,0.15,,,,1762783491672,0,1762783491717,
2025-11-10T14:04:51.718Z,SOLUSDT,mmap,./rings/binance_trade_chunk3,1,214475,168.76,0.18,,,,1762783491673,0,1762783491717,
2025-11-10T14:04:51.718Z,SOLUSDT,mmap,./rings/binance_trade_chunk3,1,214476,168.76,0.241,,,,1762783491676,0,1762783491718,
2025-11-10T14:04:51.718Z,SOLUSDT,mmap,./rings/binance_trade_chunk3,1,214477,168.76,0.361,,,,1762783491680,0,1762783491718,
2025-11-10T14:04:51.718Z,SOLUSDT,mmap,./rings/binance_trade_chunk3,1,214478,168.76,0.301,,,,1762783491682,0,1762783491718,
2025-11-10T14:04:51.718Z,SOLUSDT,mmap,./rings/binance_trade_chunk3,1,214479,168.76,0.299,,,,1762783491686,0,1762783491718,
2025-11-10T14:04:51.718Z,SOLUSDT,mmap,./rings/binance_trade_chunk3,1,214480,168.76,0.18,,,,1762783491690,0,1762783491718,
2025-11-10T14:04:51.718Z,SOLUSDT,mmap,./rings/binance_trade_chunk3,1,214481,168.76,0.091,,,,1762783491692,0,1762783491718,
2025-11-10T14:04:51.718Z,SOLUSDT,mmap,./rings/binance_trade_chunk3,1,214482,168.76,0.18,,,,1762783491705,0,1762783491718,
2025-11-10T14:04:51.718Z,SOLUSDT,mmap,./rings/binance_trade_chunk3,1,214483,168.76,0.27,,,,1762783491707,0,1762783491718,
2025-11-10T14:04:51.718Z,SOLUSDT,mmap,./rings/binance_trade_chunk3,1,214484,168.76,0.091,,,,1762783491709,0,1762783491718,
2025-11-10T14:04:51.718Z,SOLUSDT,mmap,./rings/binance_trade_chunk3,1,214485,168.76,0.241,,,,1762783491713,0,1762783491718,
2025-11-10T14:04:51.720Z,SOLUSDT,ws,ws,1,1703874898,168.76,0.091,,,,0,1762783491566,1762783491720,
2025-11-10T14:04:51.722Z,SOLUSDT,ws,ws,1,1703874899,168.76,0.241,,,,0,1762783491571,1762783491722,
2025-11-10T14:04:51.749Z,SOLUSDT,ws,ws,1,1703874900,168.76,0.298,,,,0,1762783491598,1762783491749,
2025-11-10T14:04:51.759Z,SOLUSDT,ws,ws,1,1703874901,168.76,0.15,,,,0,1762783491602,1762783491759,
2025-11-10T14:04:51.759Z,SOLUSDT,ws,ws,1,1703874902,168.76,0.241,,,,0,1762783491605,1762783491759,
